%% 参考文献数据库
% @article{Intelligent_network_car2019,
%  author={xxx},
%  title={xxx},
%  journal={xxx},
 % year={2019},
 % volume={},
 % number={1},
%  pages={184-187},
%}

@article{学位论文编写规则,
	title = {学位论文编写规则},
	url = {https://kns.cnki.net/KNS8/Detail?sfield=fn&QueryID=6&CurRec=2&recid=&FileName=SCSF00000378&DbName=SCSF&DbCode=SCSF&yx=&pr=&URLID=},
	urldate = {2021-08-08},
	author = {国务院学位委员会办公室 and 中国科学技术信息研究所},
	month = dec,
	year = {2006},
	}

@misc{汪继祥2004科学出版社作者编辑手册,
	title={作者编辑手册},
	author={汪继祥},
	year={2004},
	publisher={北京: 科学出版社}
}

@book{全国科学道德和学风建设宣讲教育领导小组2012科学道德与学风建设宣讲参考大纲,
	title={科学道德与学风建设宣讲参考大纲},
	author={全国科学道德和学风建设宣讲教育领导小组},
	publisher={科学道德与学风建设宣讲参考大纲},
	year={2012},
}

@article{曹敏2005新版《文后参考文献著录规则》解析,
	title={文后参考文献著录规则},
	author={曹敏},
	journal={科技与出版},
	volume={000},
	number={006},
	pages={61-63},
	year={2005},
}

@phdthesis{王兰芬2010Swarm,
	title={Swarm突现计算模型的稳定性研究},
	author={王兰芬},
	school={重庆邮电大学},
	year={2010},
}

@book{谢希仁2006计算机网络教程,
	title={计算机网络教程(第2版)},
	author={谢希仁},
	publisher={计算机网络教程(第2版)},
	year={2006},
}

@article{2000Experiments,
	title={Experiments in Digital Fundamentals to Accompany Floyd, Digital Fundamentals, Seventh Edition},
	author={ Buchla, D.  and  Floyd, T. L. },
	year={2000},
}

@book{2003数字电路简明教程,
	title={数字电路简明教程},
	author={ Thompson, Robert D.  and 马爱文 赵霞},
	publisher={数字电路简明教程},
	year={2003},
}

@article{吕学勤2013求解,
	title={求解0/1背包问题的自适应遗传退火算法},
	author={吕学勤 and 陈树果 and 林静},
	journal={重庆邮电大学学报(自然科学版)},
	volume={25},
	number={001},
	pages={138-142},
	year={2013},
}

@article{2010The,
	title={The Internet of Things: A Survey},
	author={ Atzori, L.  and  Iera, A.  and  Morabito, G. },
	year={2010},
}

@inproceedings{2011Multi,
	title={Multi-criteria Vertical Handover by TOPSIS and fuzzy logic},
	author={ Alkhawlani, M. M.  and  Alsalem, K. A.  and  Hussein, A. A. },
	booktitle={Communications and Information Technology (ICCIT), 2011 International Conference on},
	year={2011},
}

@misc{1999Automatic,
	title={Automatic subspace clustering of high dimensional data for data mining applications},
	author={ Agrawal, R.  and  Gehrke, J. E.  and  Gunopulos, D.  and  Raghavan, P. },
	publisher={Kluwer Academic Publishers},
	year={1999},
}

@phdthesis{伏梦盈0基于博弈论的协作通信中继节点选择,
	title={基于博弈论的协作通信中继节点选择},
	author={伏梦盈},
	school={湖南大学},
}

@article{工信部电信研究院0物联网白皮书,
	title={物联网白皮书(2011)},
	author={工信部电信研究院},
}

@article{胡友良2011学术论文格式规范举要,
	title={学术论文格式规范举要},
	author={胡友良},
	journal={中国内部审计},
	volume={000},
	number={003},
	pages={P.82-85},
	year={2011},
}

@misc{陈国平0一种基于蓝牙技术的手机防盗防遗失报警方法,
	title={一种基于蓝牙技术的手机防盗防遗失报警方法},
	author={陈国平 and 张百珂 and 马耀辉},
}

@misc{GPS定位基本原理浅析,
	author = {MagicBoy, 李鹏},
	title = { GPS定位基本原理浅析},
	year={2010-12-09 (2015-01-27)},
	howpublished = {\url{http://www.cnblogs.com/magicboy110/archive/2010/12/09/1901669.html}}
}

@misc{工业和信息化部关于电信服务质量的通告(2014年第1号）,
	title = {工业和信息化部关于电信服务质量的通告(2014年第1号）},
	year={(2014-03-03)},
	howpublished = {\url{http://www.miit.gov.cn/n11293472/n11293832/n11293907/n11368223/15864477.html}}
	
}


@article{kang2022fedcvt,
	title={FedCVT: Semi-supervised vertical federated learning with cross-view training},
	author={Kang, Yan and Liu, Yang and Liang, Xinle},
	journal={ACM Transactions on Intelligent Systems and Technology (TIST)},
	volume={13},
	number={4},
	pages={1--16},
	year={2022},
	publisher={ACM New York, NY}
}

@article{oliver2018realistic,
	title={Realistic evaluation of deep semi-supervised learning algorithms},
	author={Oliver, Avital and Odena, Augustus and Raffel, Colin A and Cubuk, Ekin Dogus and Goodfellow, Ian},
	journal={Advances in neural information processing systems},
	volume={31},
	year={2018}
}
@article{tarvainen2017mean,
	title={Mean teachers are better role models: Weight-averaged consistency targets improve semi-supervised deep learning results},
	author={Tarvainen, Antti and Valpola, Harri},
	journal={Advances in neural information processing systems},
	volume={30},
	year={2017}
}
@article{zhang2017mixup,
	title={mixup: Beyond empirical risk minimization},
	author={Zhang, Hongyi and Cisse, Moustapha and Dauphin, Yann N and Lopez-Paz, David},
	journal={arXiv preprint arXiv:1710.09412},
	year={2017}
}
@article{chen2023softmatch,
	title={Softmatch: Addressing the quantity-quality trade-off in semi-supervised learning},
	author={Chen, Hao and Tao, Ran and Fan, Yue and Wang, Yidong and Wang, Jindong and Schiele, Bernt and Xie, Xing and Raj, Bhiksha and Savvides, Marios},
	journal={arXiv preprint arXiv:2301.10921},
	year={2023}
}
@article{berthelot2021adamatch,
	title={Adamatch: A unified approach to semi-supervised learning and domain adaptation},
	author={Berthelot, David and Roelofs, Rebecca and Sohn, Kihyuk and Carlini, Nicholas and Kurakin, Alex},
	journal={arXiv preprint arXiv:2106.04732},
	year={2021}
}
@inproceedings{li2021comatch,
	title={Comatch: Semi-supervised learning with contrastive graph regularization},
	author={Li, Junnan and Xiong, Caiming and Hoi, Steven CH},
	booktitle={Proceedings of the IEEE/CVF International Conference on Computer Vision},
	pages={9475--9484},
	year={2021}
}
@article{sohn2020fixmatch,
	title={Fixmatch: Simplifying semi-supervised learning with consistency and confidence},
	author={Sohn, Kihyuk and Berthelot, David and Carlini, Nicholas and Zhang, Zizhao and Zhang, Han and Raffel, Colin A and Cubuk, Ekin Dogus and Kurakin, Alexey and Li, Chun-Liang},
	journal={Advances in neural information processing systems},
	volume={33},
	pages={596--608},
	year={2020}
}
@article{berthelot2019mixmatch,
	title={Mixmatch: A holistic approach to semi-supervised learning},
	author={Berthelot, David and Carlini, Nicholas and Goodfellow, Ian and Papernot, Nicolas and Oliver, Avital and Raffel, Colin A},
	journal={Advances in neural information processing systems},
	volume={32},
	year={2019}
}
@inproceedings{lee2013pseudo,
  title={Pseudo-label: The simple and efficient semi-supervised learning method for deep neural networks},
  author={Lee, Dong-Hyun and others},
  booktitle={Workshop on challenges in representation learning, ICML},
  volume={3},
  number={2},
  pages={896},
  year={2013}
}
@inproceedings{xu2017multi,
  title={Multi-Positive and Unlabeled Learning.},
  author={Xu, Yixing and Xu, Chang and Xu, Chao and Tao, Dacheng},
  booktitle={IJCAI},
  pages={3182--3188},
  year={2017}
}

@inproceedings{de2010practical,
  title={Practical private set intersection protocols with linear complexity},
  author={De Cristofaro, Emiliano and Tsudik, Gene},
  booktitle={Financial Cryptography and Data Security: 14th International Conference, FC 2010, Tenerife, Canary Islands, January 25-28, 2010, Revised Selected Papers 14},
  pages={143--159},
  year={2010},
  organization={Springer}
}

@article{mordelet2014bagging,
  title={A bagging SVM to learn from positive and unlabeled examples},
  author={Mordelet, Fantine and Vert, J-P},
  journal={Pattern Recognition Letters},
  volume={37},
  pages={201--209},
  year={2014},
  publisher={Elsevier}
}
@article{claesen2015robust,
  title={A robust ensemble approach to learn from positive and unlabeled data using SVM base models},
  author={Claesen, Marc and De Smet, Frank and Suykens, Johan AK and De Moor, Bart},
  journal={Neurocomputing},
  volume={160},
  pages={73--84},
  year={2015},
  publisher={Elsevier}
}
@inproceedings{zheng2018drn,
  title={DRN: A deep reinforcement learning framework for news recommendation},
  author={Zheng, Guanjie and Zhang, Fuzheng and Zheng, Zihan and Xiang, Yang and Yuan, Nicholas Jing and Xie, Xing and Li, Zhenhui},
  booktitle={Proceedings of the 2018 world wide web conference},
  pages={167--176},
  year={2018}
}
@article{liu2020secure,
  title={A secure federated transfer learning framework},
  author={Liu, Yang and Kang, Yan and Xing, Chaoping and Chen, Tianjian and Yang, Qiang},
  journal={IEEE Intelligent Systems},
  volume={35},
  number={4},
  pages={70--82},
  year={2020},
  publisher={IEEE}
}

@article{kairouz2021advances,
  title={Advances and open problems in federated learning},
  author={Kairouz, Peter and McMahan, H Brendan and Avent, Brendan and Bellet, Aur{\'e}lien and Bennis, Mehdi and Bhagoji, Arjun Nitin and Bonawitz, Kallista and Charles, Zachary and Cormode, Graham and Cummings, Rachel and others},
  journal={Foundations and Trends{\textregistered} in Machine Learning},
  volume={14},
  number={1--2},
  pages={1--210},
  year={2021},
  publisher={Now Publishers, Inc.}
}

@inproceedings{mohri2019agnostic,
  title={Agnostic federated learning},
  author={Mohri, Mehryar and Sivek, Gary and Suresh, Ananda Theertha},
  booktitle={International Conference on Machine Learning},
  pages={4615--4625},
  year={2019},
  organization={PMLR}
}

@article{ghosh2020efficient,
  title={An efficient framework for clustered federated learning},
  author={Ghosh, Avishek and Chung, Jichan and Yin, Dong and Ramchandran, Kannan},
  journal={Advances in Neural Information Processing Systems},
  volume={33},
  pages={19586--19597},
  year={2020}
}

@inproceedings{zhang2020batchcrypt,
  title={Batchcrypt: Efficient homomorphic encryption for cross-silo federated learning},
  author={Zhang, Chengliang and Li, Suyi and Xia, Junzhe and Wang, Wei and Yan, Feng and Liu, Yang},
  booktitle={Proceedings of the 2020 USENIX Annual Technical Conference (USENIX ATC 2020)},
  year={2020}
}

@inproceedings{yurochkin2019bayesian,
  title={Bayesian nonparametric federated learning of neural networks},
  author={Yurochkin, Mikhail and Agarwal, Mayank and Ghosh, Soumya and Greenewald, Kristjan and Hoang, Nghia and Khazaeni, Yasaman},
  booktitle={International conference on machine learning},
  pages={7252--7261},
  year={2019},
  organization={PMLR}
}

@inproceedings{liu2003building,
  title={Building text classifiers using positive and unlabeled examples},
  author={Liu, Bing and Dai, Yang and Li, Xiaoli and Lee, Wee Sun and Yu, Philip S},
  booktitle={Third IEEE international conference on data mining},
  pages={179--186},
  year={2003},
  organization={IEEE}
}

@article{liu2015classification,
  title={Classification with noisy labels by importance reweighting},
  author={Liu, Tongliang and Tao, Dacheng},
  journal={IEEE Transactions on pattern analysis and machine intelligence},
  volume={38},
  number={3},
  pages={447--461},
  year={2015},
  publisher={IEEE}
}

@inproceedings{mcmahan2017communication,
  title={Communication-efficient learning of deep networks from decentralized data},
  author={McMahan, Brendan and Moore, Eider and Ramage, Daniel and Hampson, Seth and y Arcas, Blaise Aguera},
  booktitle={Artificial intelligence and statistics},
  pages={1273--1282},
  year={2017},
  organization={PMLR}
}

@inproceedings{acar2021debiasing,
  title={Debiasing model updates for improving personalized federated training},
  author={Acar, Durmus Alp Emre and Zhao, Yue and Zhu, Ruizhao and Matas, Ramon and Mattina, Matthew and Whatmough, Paul and Saligrama, Venkatesh},
  booktitle={International Conference on Machine Learning},
  pages={21--31},
  year={2021},
  organization={PMLR}
}

@article{geyer2017differentially,
  title={Differentially private federated learning: A client level perspective},
  author={Geyer, Robin C and Klein, Tassilo and Nabi, Moin},
  journal={arXiv preprint arXiv:1712.07557},
  year={2017}
}

@inproceedings{lai2021oort,
  title={Oort: Efficient Federated Learning via Guided Participant Selection.},
  author={Lai, Fan and Zhu, Xiangfeng and Madhyastha, Harsha V and Chowdhury, Mosharaf},
  booktitle={OSDI},
  pages={19--35},
  year={2021}
}

@inproceedings{wang2022enhancing,
  title={Enhancing Federated Learning with In-Cloud Unlabeled Data},
  author={Wang, Lun and Xu, Yang and Xu, Hongli and Liu, Jianchun and Wang, Zhiyuan and Huang, Liusheng},
  booktitle={2022 IEEE 38th International Conference on Data Engineering (ICDE)},
  pages={136--149},
  year={2022},
  organization={IEEE}
}

@inproceedings{reisizadeh2020fedpaq,
  title={Fedpaq: A communication-efficient federated learning method with periodic averaging and quantization},
  author={Reisizadeh, Amirhossein and Mokhtari, Aryan and Hassani, Hamed and Jadbabaie, Ali and Pedarsani, Ramtin},
  booktitle={International Conference on Artificial Intelligence and Statistics},
  pages={2021--2031},
  year={2020},
  organization={PMLR}
}

@article{wang2022feverless,
  title={Feverless: Fast and secure vertical federated learning based on xgboost for decentralized labels},
  author={Wang, Rui and Ersoy, O{\u{g}}uzhan and Zhu, Hangyu and Jin, Yaochu and Liang, Kaitai},
  journal={IEEE Transactions on Big Data},
  year={2022},
  publisher={IEEE}
}

@article{xu2021efficient,
  title={Efficient batch homomorphic encryption for vertically federated xgboost},
  author={Xu, Wuxing and Fan, Hao and Li, Kaixin and Yang, Kai},
  journal={arXiv preprint arXiv:2112.04261},
  year={2021}
}

@article{yao2022efficient,
  title={An efficient and robust system for vertically federated random forest},
  author={Yao, Houpu and Wang, Jiazhou and Dai, Peng and Bo, Liefeng and Chen, Yanqing},
  journal={arXiv preprint arXiv:2201.10761},
  year={2022}
}

@article{yang2019parallel,
  title={Parallel distributed logistic regression for vertical federated learning without third-party coordinator},
  author={Yang, Shengwen and Ren, Bing and Zhou, Xuhui and Liu, Liping},
  journal={arXiv preprint arXiv:1911.09824},
  year={2019}
}

@article{he2021secure,
  title={Secure logistic regression for vertical federated learning},
  author={He, Daojing and Du, Runmeng and Zhu, Shanshan and Zhang, Min and Liang, Kaitai and Chan, Sammy},
  journal={IEEE Internet Computing},
  volume={26},
  number={2},
  pages={61--68},
  year={2021},
  publisher={IEEE}
}

@inproceedings{lin2022federated,
  title={Federated Learning with Positive and Unlabeled Data},
  author={Lin, Xinyang and Chen, Hanting and Xu, Yixing and Xu, Chao and Gui, Xiaolin and Deng, Yiping and Wang, Yunhe},
  booktitle={International Conference on Machine Learning},
  pages={13344--13355},
  year={2022},
  organization={PMLR}
}

@article{yang2019federated,
  title={Federated machine learning: Concept and applications},
  author={Yang, Qiang and Liu, Yang and Chen, Tianjian and Tong, Yongxin},
  journal={ACM Transactions on Intelligent Systems and Technology (TIST)},
  volume={10},
  number={2},
  pages={1--19},
  year={2019},
  publisher={ACM New York, NY, USA}
}

@article{li2020federated,
  title={Federated optimization in heterogeneous networks},
  author={Li, Tian and Sahu, Anit Kumar and Zaheer, Manzil and Sanjabi, Maziar and Talwalkar, Ameet and Smith, Virginia},
  journal={Proceedings of Machine learning and systems},
  volume={2},
  pages={429--450},
  year={2020}
}

@article{jeong2020federated,
  title={Federated semi-supervised learning with inter-client consistency \& disjoint learning},
  author={Jeong, Wonyong and Yoon, Jaehong and Yang, Eunho and Hwang, Sung Ju},
  journal={arXiv preprint arXiv:2006.12097},
  year={2020}
}

@article{acar2021federated,
  title={Federated learning based on dynamic regularization},
  author={Acar, Durmus Alp Emre and Zhao, Yue and Navarro, Ramon Matas and Mattina, Matthew and Whatmough, Paul N and Saligrama, Venkatesh},
  journal={arXiv preprint arXiv:2111.04263},
  year={2021}
}

@article{wang2020federated,
  title={Federated learning with matched averaging},
  author={Wang, Hongyi and Yurochkin, Mikhail and Sun, Yuekai and Papailiopoulos, Dimitris and Khazaeni, Yasaman},
  journal={arXiv preprint arXiv:2002.06440},
  year={2020}
}

@article{konevcny2016federated,
  title={Federated learning: Strategies for improving communication efficiency},
  author={Kone{\v{c}}n{\`y}, Jakub and McMahan, H Brendan and Yu, Felix X and Richt{\'a}rik, Peter and Suresh, Ananda Theertha and Bacon, Dave},
  journal={arXiv preprint arXiv:1610.05492},
  year={2016}
}

@article{diao2020heterofl,
  title={HeteroFL: Computation and communication efficient federated learning for heterogeneous clients},
  author={Diao, Enmao and Ding, Jie and Tarokh, Vahid},
  journal={arXiv preprint arXiv:2010.01264},
  year={2020}
}

@article{rivest1978data,
  title={On data banks and privacy homomorphisms},
  author={Rivest, Ronald L and Adleman, Len and Dertouzos, Michael L and others},
  journal={Foundations of secure computation},
  volume={4},
  number={11},
  pages={169--180},
  year={1978},
  publisher={Citeseer}
}

@article{sweeney2002k,
  title={k-anonymity: A model for protecting privacy},
  author={Sweeney, Latanya},
  journal={International journal of uncertainty, fuzziness and knowledge-based systems},
  volume={10},
  number={05},
  pages={557--570},
  year={2002},
  publisher={World Scientific}
}

@inproceedings{dwork2008differential,
  title={Differential privacy: A survey of results},
  author={Dwork, Cynthia},
  booktitle={Theory and Applications of Models of Computation: 5th International Conference, TAMC 2008, Xi’an, China, April 25-29, 2008. Proceedings 5},
  pages={1--19},
  year={2008},
  organization={Springer}
}

@inproceedings{zhao2018inprivate,
  title={Inprivate digging: Enabling tree-based distributed data mining with differential privacy},
  author={Zhao, Lingchen and Ni, Lihao and Hu, Shengshan and Chen, Yaniiao and Zhou, Pan and Xiao, Fu and Wu, Libing},
  booktitle={IEEE INFOCOM 2018-IEEE Conference on Computer Communications},
  pages={2087--2095},
  year={2018},
  organization={IEEE}
}

@article{suykens1999least,
  title={Least squares support vector machine classifiers},
  author={Suykens, Johan AK and Vandewalle, Joos},
  journal={Neural processing letters},
  volume={9},
  pages={293--300},
  year={1999},
  publisher={Springer}
}

@article{hanzely2020lower,
  title={Lower bounds and optimal algorithms for personalized federated learning},
  author={Hanzely, Filip and Hanzely, Slavom{\'\i}r and Horv{\'a}th, Samuel and Richt{\'a}rik, Peter},
  journal={Advances in Neural Information Processing Systems},
  volume={33},
  pages={2304--2315},
  year={2020}
}

@inproceedings{scott2009novelty,
  title={Novelty detection: Unlabeled data definitely help},
  author={Scott, Clayton and Blanchard, Gilles},
  booktitle={Artificial intelligence and statistics},
  pages={464--471},
  year={2009},
  organization={PMLR}
}

@inproceedings{bonawitz2017practical,
  title={Practical secure aggregation for privacy-preserving machine learning},
  author={Bonawitz, Keith and Ivanov, Vladimir and Kreuter, Ben and Marcedone, Antonio and McMahan, H Brendan and Patel, Sarvar and Ramage, Daniel and Segal, Aaron and Seth, Karn},
  booktitle={proceedings of the 2017 ACM SIGSAC Conference on Computer and Communications Security},
  pages={1175--1191},
  year={2017}
}

@inproceedings{li2020practical,
  title={Practical federated gradient boosting decision trees},
  author={Li, Qinbin and Wen, Zeyi and He, Bingsheng},
  booktitle={Proceedings of the AAAI conference on artificial intelligence},
  volume={34},
  number={04},
  pages={4642--4649},
  year={2020}
}

@article{pinkas2018scalable,
  title={Scalable private set intersection based on OT extension},
  author={Pinkas, Benny and Schneider, Thomas and Zohner, Michael},
  journal={ACM Transactions on Privacy and Security (TOPS)},
  volume={21},
  number={2},
  pages={1--35},
  year={2018},
  publisher={ACM New York, NY, USA}
}

@inproceedings{pinkas2014faster,
  title={Faster private set intersection based on $\{$OT$\}$ extension},
  author={Pinkas, Benny and Schneider, Thomas and Zohner, Michael},
  booktitle={23rd $\{$USENIX$\}$ Security Symposium ($\{$USENIX$\}$ Security 14)},
  pages={797--812},
  year={2014}
}

@inproceedings{liang2004privacy,
  title={Privacy-preserving inter-database operations},
  author={Liang, Gang and Chawathe, Sudarshan S},
  booktitle={Intelligence and Security Informatics: Second Symposium on Intelligence and Security Informatics, ISI 2004, Tucson, AZ, USA, June 10-11, 2004. Proceedings 2},
  pages={66--82},
  year={2004},
  organization={Springer}
}

@article{ke2017lightgbm,
  title={Lightgbm: A highly efficient gradient boosting decision tree},
  author={Ke, Guolin and Meng, Qi and Finley, Thomas and Wang, Taifeng and Chen, Wei and Ma, Weidong and Ye, Qiwei and Liu, Tie-Yan},
  journal={Advances in neural information processing systems},
  volume={30},
  year={2017}
}

@article{chen2015xgboost,
  title={Xgboost: extreme gradient boosting},
  author={Chen, Tianqi and He, Tong and Benesty, Michael and Khotilovich, Vadim and Tang, Yuan and Cho, Hyunsu and Chen, Kailong and Mitchell, Rory and Cano, Ignacio and Zhou, Tianyi and others},
  journal={R package version 0.4-2},
  volume={1},
  number={4},
  pages={1--4},
  year={2015}
}

@article{pedregosa2011scikit,
  title={Scikit-learn: Machine learning in Python},
  author={Pedregosa, Fabian and Varoquaux, Ga{\"e}l and Gramfort, Alexandre and Michel, Vincent and Thirion, Bertrand and Grisel, Olivier and Blondel, Mathieu and Prettenhofer, Peter and Weiss, Ron and Dubourg, Vincent and others},
  journal={the Journal of machine Learning research},
  volume={12},
  pages={2825--2830},
  year={2011},
  publisher={JMLR. org}
}

@article{liu2021fate,
  title={Fate: An industrial grade platform for collaborative learning with data protection},
  author={Liu, Yang and Fan, Tao and Chen, Tianjian and Xu, Qian and Yang, Qiang},
  journal={The Journal of Machine Learning Research},
  volume={22},
  number={1},
  pages={10320--10325},
  year={2021},
  publisher={JMLRORG}
}

@misc{li2022fedtree,
  title={Fedtree: A fast, effective, and secure tree-based federated learning system},
  author={Li, Q and Cai, Y and Han, Y and Yung, CM and Fu, T and He, B},
  year={2022}
}

@inproceedings{aono2016scalable,
  title={Scalable and secure logistic regression via homomorphic encryption},
  author={Aono, Yoshinori and Hayashi, Takuya and Trieu Phong, Le and Wang, Lihua},
  booktitle={Proceedings of the Sixth ACM Conference on Data and Application Security and Privacy},
  pages={142--144},
  year={2016}
}

@inproceedings{feng2019securegbm,
  title={Securegbm: Secure multi-party gradient boosting},
  author={Feng, Zhi and Xiong, Haoyi and Song, Chuanyuan and Yang, Sijia and Zhao, Baoxin and Wang, Licheng and Chen, Zeyu and Yang, Shengwen and Liu, Liping and Huan, Jun},
  booktitle={2019 IEEE International Conference on Big Data (Big Data)},
  pages={1312--1321},
  year={2019},
  organization={IEEE}
}

@article{chen2021secureboost+,
  title={Secureboost+: A high performance gradient boosting tree framework for large scale vertical federated learning},
  author={Chen, Weijing and Ma, Guoqiang and Fan, Tao and Kang, Yan and Xu, Qian and Yang, Qiang},
  journal={arXiv preprint arXiv:2110.10927},
  year={2021}
}

@inproceedings{elkan2008learning,
  title={Learning classifiers from only positive and unlabeled data},
  author={Elkan, Charles and Noto, Keith},
  booktitle={Proceedings of the 14th ACM SIGKDD international conference on Knowledge discovery and data mining},
  pages={213--220},
  year={2008}
}

@article{cheng2021secureboost,
  title={Secureboost: A lossless federated learning framework},
  author={Cheng, Kewei and Fan, Tao and Jin, Yilun and Liu, Yang and Chen, Tianjian and Papadopoulos, Dimitrios and Yang, Qiang},
  journal={IEEE Intelligent Systems},
  volume={36},
  number={6},
  pages={87--98},
  year={2021},
  publisher={IEEE}
}

@article{friedman2001greedy,
  title={Greedy function approximation: a gradient boosting machine},
  author={Friedman, Jerome H},
  journal={Annals of statistics},
  pages={1189--1232},
  year={2001},
  publisher={JSTOR}
}

@article{vaidya2008privacy,
  title={Privacy-preserving decision trees over vertically partitioned data},
  author={Vaidya, Jaideep and Clifton, Chris and Kantarcioglu, Murat and Patterson, A Scott},
  journal={ACM Transactions on Knowledge Discovery from Data (TKDD)},
  volume={2},
  number={3},
  pages={1--27},
  year={2008},
  publisher={ACM New York, NY, USA}
}

@inproceedings{shokri2015privacy,
  title={Privacy-preserving deep learning},
  author={Shokri, Reza and Shmatikov, Vitaly},
  booktitle={Proceedings of the 22nd ACM SIGSAC conference on computer and communications security},
  pages={1310--1321},
  year={2015}
}

@article{djatmiko2017privacy,
  title={Privacy-preserving entity resolution and logistic regression on encrypted data},
  author={Djatmiko, Mentari and Hardy, Stephen and Henecka, Wilko and Ivey-Law, Hamish and Ott, Maximilian and Patrini, Giorgio and Smith, Guillaume and Thorne, Brian and Wu, Dongyao},
  journal={Private and Secure Machine Learning (PSML)},
  year={2017}
}

@article{liu2019communication,
  title={A communication efficient collaborative learning framework for distributed features},
  author={Liu, Yang and Kang, Yan and Zhang, Xinwei and Li, Liping and Cheng, Yong and Chen, Tianjian and Hong, Mingyi and Yang, Qiang},
  journal={arXiv preprint arXiv:1912.11187},
  year={2019}
}

@article{hardy2017private,
  title={Private federated learning on vertically partitioned data via entity resolution and additively homomorphic encryption},
  author={Hardy, Stephen and Henecka, Wilko and Ivey-Law, Hamish and Nock, Richard and Patrini, Giorgio and Smith, Guillaume and Thorne, Brian},
  journal={arXiv preprint arXiv:1711.10677},
  year={2017}
}

@inproceedings{liang2022rscfed,
  title={RSCFed: random sampling consensus federated semi-supervised learning},
  author={Liang, Xiaoxiao and Lin, Yiqun and Fu, Huazhu and Zhu, Lei and Li, Xiaomeng},
  booktitle={Proceedings of the IEEE/CVF Conference on Computer Vision and Pattern Recognition},
  pages={10154--10163},
  year={2022}
}

@article{sattler2019robust,
  title={Robust and communication-efficient federated learning from non-iid data},
  author={Sattler, Felix and Wiedemann, Simon and M{\"u}ller, Klaus-Robert and Samek, Wojciech},
  journal={IEEE transactions on neural networks and learning systems},
  volume={31},
  number={9},
  pages={3400--3413},
  year={2019},
  publisher={IEEE}
}

@inproceedings{karimireddy2020scaffold,
  title={Scaffold: Stochastic controlled averaging for federated learning},
  author={Karimireddy, Sai Praneeth and Kale, Satyen and Mohri, Mehryar and Reddi, Sashank and Stich, Sebastian and Suresh, Ananda Theertha},
  booktitle={International Conference on Machine Learning},
  pages={5132--5143},
  year={2020},
  organization={PMLR}
}

@article{fung2005text,
  title={Text classification without negative examples revisit},
  author={Fung, Gabriel Pui Cheong and Yu, Jeffrey Xu and Lu, Hongjun and Yu, Philip S},
  journal={IEEE transactions on Knowledge and Data Engineering},
  volume={18},
  number={1},
  pages={6--20},
  year={2005},
  publisher={IEEE}
}

@inproceedings{sarwar2000analysis,
  title={Analysis of recommendation algorithms for e-commerce},
  author={Sarwar, Badrul and Karypis, George and Konstan, Joseph and Riedl, John},
  booktitle={Proceedings of the 2nd ACM Conference on Electronic Commerce},
  pages={158--167},
  year={2000}
}

@article{schafer2001commerce,
  title={E-commerce recommendation applications},
  author={Schafer, J Ben and Konstan, Joseph A and Riedl, John},
  journal={Data mining and knowledge discovery},
  volume={5},
  pages={115--153},
  year={2001},
  publisher={Springer}
}

@inproceedings{liu2010pedersen,
  title={Pedersen. Personalized News Recommendation Based on Click},
  author={Liu, Jiahui and Dolan, Peter and Ronby, Elin},
  year={2010},
  organization={IUI}
}

@article{kim2014item,
  title={Item recommendation based on context-aware model for personalized u-healthcare service},
  author={Kim, Jonghun and Lee, Daesung and Chung, Kyung-Yong},
  journal={Multimedia Tools and Applications},
  volume={71},
  pages={855--872},
  year={2014},
  publisher={Springer}
}

@article{yue2021overview,
  title={An overview of recommendation techniques and their applications in healthcare},
  author={Yue, Wenbin and Wang, Zidong and Zhang, Jieyu and Liu, Xiaohui},
  journal={IEEE/CAA Journal of Automatica Sinica},
  volume={8},
  number={4},
  pages={701--717},
  year={2021},
  publisher={IEEE}
}

@article{hardt2016equality,
  author = {Hardt, Moritz and Price, Eric and Srebro, Nathan},
  title = {Equality of Opportunity in Supervised Learning},
  journal = {Advances in Neural Information Processing Systems},
  volume = {29},
  pages = {3315--3323},
  year = {2016}
}

@article{rudin2019stop,
  author = {Rudin, Cynthia},
  title = {Stop Explaining Black Box Machine Learning Models for High Stakes Decisions and Use Interpretable Models Instead},
  journal = {Nature Machine Intelligence},
  volume = {1},
  number = {5},
  pages = {206--215},
  year = {2019},
  publisher = {Nature Publishing Group}
}

@article{esteva2017dermatologist,
  author = {Esteva, Andre and Kuprel, Brett and Novoa, Roberto A. and Ko, Justin and Swetter, Susan M. and Blau, Helen M. and Thrun, Sebastian},
  title = {Dermatologist-Level Classification of Skin Cancer with Deep Neural Networks},
  journal = {Nature},
  volume = {542},
  number = {7639},
  pages = {115--118},
  year = {2017},
  publisher = {Nature Publishing Group}
}

@article{miotto2018deep,
  author = {Miotto, Riccardo and Wang, Fei and Wang, Shuang and Jiang, Xiaoqian and Dudley, Joel T.},
  title = {Deep Learning for Healthcare: Review, Opportunities and Challenges},
  journal = {Briefings in Bioinformatics},
  volume = {19},
  number = {6},
  pages = {1236--1246},
  year = {2018},
  publisher = {Oxford University Press}
}

@article{lee2015cyber,
  author = {Lee, Jay and Bagheri, Behrad and Kao, Hung-An},
  title = {A Cyber-Physical Systems Architecture for Industry 4.0-Based Manufacturing Systems},
  journal = {Manufacturing Letters},
  volume = {3},
  pages = {18--23},
  year = {2015},
  publisher = {Elsevier}
}

@article{tao2018digital,
  author = {Tao, Fei and Cheng, Jiangfeng and Qi, Qinglin and Zhang, Meng and Zhang, He and Sui, Fangyuan},
  title = {Digital Twin-Driven Product Design, Manufacturing and Service with Big Data},
  journal = {The International Journal of Advanced Manufacturing Technology},
  volume = {94},
  number = {9},
  pages = {3563--3576},
  year = {2018},
  publisher = {Springer}
}

@article{wang2019deep,
  author = {Wang, Jinghui and Ma, Yining and Zhang, Lin and Gao, Robert X. and Wu, Dazhong},
  title = {Deep Learning for Smart Manufacturing: Methods and Applications},
  journal = {Journal of Manufacturing Systems},
  volume = {48},
  pages = {144--156},
  year = {2018},
  publisher = {Elsevier}
}

@article{zhang2019short,
  author = {Zhang, Weinan and Gu, Xuesi and Zhou, Tianyi and Sun, Zongqing and Pan, Jia and Li, Jian and Wang, Jun and Xu, Pingzhong and Zhang, Cheng and Gao, Yang and Zhang, Han and Wang, Dong and Li, Zhenguo and Zhang, Jinhua},
  title = {Short-Term Traffic Forecasting: A Survey},
  journal = {arXiv preprint arXiv:1901.00502},
  year = {2019}
}
