@article{z2,
    author = {徐启华 and 师军},
    title = {基于支持向量机的航空发动机故障诊断},
    journal = {航空动力学报},
    year = {2005},
    volume = {20},
    number = {2},
    pages = {298--302},
    month = {apr},
    publisher = {中国航空学会},
    address = {北京, 中国},
    url = {https://kns.cnki.net/kcms/detail/detail.aspx?dbcode=CJFD&dbname=CJFD2005&filename=HKDI200502023},
    language = {chinese},
    issn = {1000-8055}
}

@inproceedings{chakrabarty2018statistical,
    author={Chakrabarty, Navoneel and Biswas, Sanket},
    title={A statistical approach to adult census income level prediction},
    booktitle={2018 International Conference on Advances in Computing, Communication Control and Networking (ICACCCN)},
    year={2018},
    pages={207--212},
    month={October},
    publisher={IEEE},
    organization={IEEE},
    address={Greater Noida, India},
    isbn={978-1-5386-7902-9},
    doi={10.1109/ICACCCN.2018.8748660},
    url={https://ieeexplore.ieee.org/document/8748660}
}

@inproceedings{subasi2019prediction,
    author={Subasi, Abdulhamit and Cankurt, Selcuk},
    title={Prediction of default payment of credit card clients using Data Mining Techniques},
    booktitle={2019 International Engineering Conference (IEC)},
    year={2019},
    month={November},
    pages={115--120},
    publisher={IEEE},
    address={Istanbul, Turkey},
    isbn={978-1-7281-3850-4},
    doi={10.1109/IEC47844.2019.8950616},
    url={https://ieeexplore.ieee.org/document/8950616},
    organization={IEEE}
}

@article{fitriani2021data,
    author={Fitriani, Maulida Ayu and Febrianto, Dany Candra},
    title={Data mining for potential customer segmentation in the marketing bank dataset},
    journal={JUITA: Jurnal Informatika},
    year={2021},
    volume={9},
    number={1},
    pages={25--32},
    month={June},
    issn={2338-8983},
    url={https://ejurnal.budiluhur.ac.id/index.php/juita/article/view/1429},
    publisher={Universitas Budi Luhur},
    address={Jakarta, Indonesia}
}

@manual{学位论文编写规则,
    author = {{国务院学位委员会办公室} and {中国科学技术信息研究所}},
    title = {学位论文编写规则},
    year = {2006},
    month = dec,
    address = {Beijing, China},
    publisher = {中国标准出版社},
    url = {https://kns.cnki.net/KNS8/Detail?sfield=fn&QueryID=6&CurRec=2&recid=&FileName=SCSF00000378&DbName=SCSF&DbCode=SCSF&yx=&pr=&URLID=},
    urldate = {2021-08-08},
    note = {中华人民共和国国家标准},
    language = {Chinese},
    number = {GB/T 7713.1-2006}
}

@book{汪继祥2004科学出版社作者编辑手册,
    author = {汪继祥},
    title = {作者编辑手册},
    publisher = {科学出版社},
    year = {2004},
    address = {北京},
    isbn = {7-03-013538-0},
    edition = {第2版},
    month = {3},
    note = {编辑工作标准参考手册},
    language = {chinese}
}

@book{全国科学道德和学风建设宣讲教育领导小组2012科学道德与学风建设宣讲参考大纲,
    author = {全国科学道德和学风建设宣讲教育领导小组},
    title = {科学道德与学风建设宣讲参考大纲},
    year = {2012},
    publisher = {中国科学技术协会},
    address = {北京},
    isbn = {978-7-5046-5996-3},
    month = {11},
    url = {http://www.cast.org.cn/},
    note = {中国科学技术协会发布的官方指导文件},
    language = {zh}
}

@article{曹敏2005新版《文后参考文献著录规则》解析,
    author = {曹敏},
    title = {文后参考文献著录规则},
    journal = {科技与出版},
    year = {2005},
    volume = {000},
    number = {006},
    pages = {61--63},
    month = {June},
    publisher = {中国出版协会科技出版工作委员会},
    address = {北京},
    issn = {1005-0590},
    language = {zh},
    keywords = {参考文献著录规则; 国家标准; 编辑规范},
    abstract = {本文详细解读了新版《文后参考文献著录规则》(GB/T 7714-2005)的主要修改内容及其在编辑出版实践中的应用要点。},
    note = {国家标准化管理委员会2005年发布的新版参考文献著录标准解读}
}

@phdthesis{王兰芬2010Swarm,
    author={王兰芬},
    title={Swarm突现计算模型的稳定性研究},
    school={重庆邮电大学},
    year={2010},
    address={Chongqing, China},
    month={6},
    type={博士论文},
    url={http://lib.cqupt.edu.cn/},
    note={Available from Chongqing University of Posts and Telecommunications Library}
}

@book{谢希仁2006计算机网络教程,
    author = {谢希仁},
    title = {计算机网络教程(第2版)},
    publisher = {电子工业出版社},
    year = {2006},
    address = {Beijing, China},
    edition = {2nd},
    isbn = {978-7-121-02308-3},
    month = {January},
    note = {普通高等教育"十一五"国家级规划教材}
}

@book{2000Experiments,
    author={Buchla, D. and Floyd, T. L.},
    title={Experiments in Digital Fundamentals to Accompany Floyd, Digital Fundamentals, Seventh Edition},
    year={2000},
    publisher={Prentice Hall},
    address={Upper Saddle River, NJ},
    edition={7th},
    isbn={0130892986}
}

@book{2003数字电路简明教程,
    author = {Robert D. Thompson and 马爱文 and 赵霞},
    title = {数字电路简明教程},
    publisher = {高等教育出版社},
    year = {2003},
    address = {北京},
    isbn = {7-04-012533-1},
    month = {8},
    note = {普通高等教育“十五”国家级规划教材},
    series = {电子信息学科基础课程系列教材},
    edition = {第1版}
}

@article{吕学勤2013求解,
    author = {吕学勤 and 陈树果 and 林静},
    title = {求解0/1背包问题的自适应遗传退火算法},
    journal = {重庆邮电大学学报(自然科学版)},
    year = {2013},
    volume = {25},
    number = {1},
    pages = {138-142},
    month = {feb},
    publisher = {Chongqing University of Posts and Telecommunications},
    address = {Chongqing, China},
    issn = {1673-825X},
    language = {Chinese},
    abstract = {针对0/1背包问题的特点,提出了一种自适应遗传退火算法。该算法结合遗传算法和模拟退火算法的优点,采用自适应的交叉概率和变异概率,有效避免了早熟收敛问题。通过典型实例仿真测试,结果表明该算法在求解质量和收敛速度方面均优于传统遗传算法。},
    keywords = {0/1背包问题; 遗传算法; 模拟退火; 自适应},
    url = {https://kns.cnki.net/kcms2/article/abstract?v=3uoqIhG8C44YLTlOAiTRKibYlV5Vjs7i8oRR1PAr7RxjuAJk4dHXoj90RDiGQ9yaliIjR3ONAnW2MCDD3hYh_6gRgftIHE0Z&uniplatform=NZKPT}
}

@article{2010The,
    author = {Atzori, L. and Iera, A. and Morabito, G.},
    title = {The Internet of Things: A Survey},
    journal = {Computer Networks},
    year = {2010},
    volume = {54},
    number = {15},
    pages = {2787--2805},
    month = {oct},
    doi = {10.1016/j.comnet.2010.05.010},
    url = {https://www.sciencedirect.com/science/article/pii/S1389128610001568},
    publisher = {Elsevier {BV}},
    address = {Amsterdam, The Netherlands},
    issn = {1389-1286}
}

@inproceedings{2011Multi,
    author={Mohammed Alkhawlani and K. Alsalem and A. Hussein},
    title={Multi-criteria Vertical Handover by {TOPSIS} and fuzzy logic},
    booktitle={2011 International Conference on Communications and Information Technology ({ICCIT})},
    year={2011},
    month={March},
    pages={96--101},
    publisher={IEEE},
    address={Amman, Jordan},
    isbn={978-1-61284-254-7},
    doi={10.1109/ICCITechnol.2011.5768731},
    url={https://ieeexplore.ieee.org/document/5768731}
}

@article{1999Automatic,
    author={Agrawal, R. and Gehrke, J. E. and Gunopulos, D. and Raghavan, P.},
    title={Automatic subspace clustering of high dimensional data for data mining applications},
    journal={Data Mining and Knowledge Discovery},
    year={1999},
    volume={3},
    number={1},
    pages={94--105},
    month={March},
    publisher={Kluwer Academic Publishers},
    address={Boston, MA},
    doi={10.1023/A:1009781511299},
    url={https://link.springer.com/article/10.1023/A:1009781511299}
}

@phdthesis{伏梦盈0基于博弈论的协作通信中继节点选择,
    author={伏梦盈},
    title={基于博弈论的协作通信中继节点选择},
    school={湖南大学},
    year={2020},
    address={Changsha, China},
    month={jun},
    url={http://lib.hnu.edu.cn},
    note={Available from Hunan University Library}
}

@techreport{工信部电信研究院0物联网白皮书,
    author = {工业和信息化部电信研究院},
    title = {物联网白皮书(2011)},
    institution = {工业和信息化部电信研究院},
    year = {2011},
    address = {北京},
    url = {http://www.miit.gov.cn/n1146290/n1146402/n1146445/c3639098/content.html},
    month = {12},
    type = {白皮书},
    language = {chinese},
    note = {中华人民共和国工业和信息化部官方报告}
}

@article{胡友良2011学术论文格式规范举要,
    author = {胡友良},
    title = {学术论文格式规范举要},
    journal = {中国内部审计},
    year = {2011},
    volume = {000},
    number = {003},
    pages = {82--85},
    month = {March},
    issn = {1004-8278},
    publisher = {中国内部审计协会},
    address = {Beijing, China},
    language = {Chinese},
    url = {http://www.ciia.com.cn/zgnbsj/},
    note = {Accessed via China National Knowledge Infrastructure (CNKI)}
}

@patent{陈国平0一种基于蓝牙技术的手机防盗防遗失报警方法,
    author={陈国平 and 张百珂 and 马耀辉},
    title={一种基于蓝牙技术的手机防盗防遗失报警方法},
    nationality={CN},
    number={CN103020588A},
    year={2013},
    month={may},
    holder={浙江工业大学},
    url={http://epub.cnipa.gov.cn/CN103020588A},
    address={中国},
    note={中国发明专利，申请号：CN201210332966.3},
    keywords={蓝牙技术; 手机防盗; 报警系统; 移动通信},
    urldate={2023-10-15}
}

@misc{GPS定位基本原理浅析,
    author = {MagicBoy and 李鹏},
    title = {GPS定位基本原理浅析},
    year = {2010},
    month = {12},
    url = {http://www.cnblogs.com/magicboy110/archive/2010/12/09/1901669.html},
    urldate = {2015-01-27},
    publisher = {博客园 (CnBlogs)},
    address = {Beijing, China},
    note = {Online blog post, originally published December 9, 2010, last accessed January 27, 2015}
}

@misc{工业和信息化部关于电信服务质量的通告(2014年第1号）,
    author = {{中华人民共和国工业和信息化部}},
    title = {工业和信息化部关于电信服务质量的通告(2014年第1号)},
    year = {2014},
    month = {March},
    url = {http://www.miit.gov.cn/n11293472/n11293832/n11293907/n11368223/15864477.html},
    urldate = {2014-03-03},
    publisher = {工业和信息化部},
    address = {北京},
    number = {1},
    type = {政府公告},
    language = {Chinese},
    institution = {中华人民共和国工业和信息化部}
}

@article{kang2022fedcvt,
    author={Kang, Yan and Liu, Yang and Liang, Xinle},
    title={FedCVT: Semi-supervised vertical federated learning with cross-view training},
    journal={ACM Transactions on Intelligent Systems and Technology (TIST)},
    year={2022},
    volume={13},
    number={4},
    pages={1--16},
    month={jul},
    publisher={ACM},
    address={New York, NY, USA},
    doi={10.1145/3546789},
    url={https://dl.acm.org/doi/10.1145/3546789},
    issn={2157-6912}
}

@inproceedings{oliver2018realistic,
    author={Oliver, Avital and Odena, Augustus and Raffel, Colin A. and Cubuk, Ekin Dogus and Goodfellow, Ian},
    title={Realistic Evaluation of Deep Semi-Supervised Learning Algorithms},
    booktitle={Advances in Neural Information Processing Systems},
    year={2018},
    volume={31},
    pages={3235--3246},
    publisher={Curran Associates, Inc.},
    address={Red Hook, NY, USA},
    url={https://proceedings.neurips.cc/paper_files/paper/2018/file/4e87337f366f72daa424dae11df0538c-Paper.pdf},
    doi={10.48550/arXiv.1804.09170},
    month={December},
    series={NeurIPS '18}
}

@inproceedings{tarvainen2017mean,
    author={Tarvainen, Antti and Valpola, Harri},
    title={Mean teachers are better role models: Weight-averaged consistency targets improve semi-supervised deep learning results},
    booktitle={Advances in Neural Information Processing Systems},
    year={2017},
    volume={30},
    pages={1195--1204},
    publisher={Curran Associates, Inc.},
    address={Red Hook, NY, USA},
    url={https://proceedings.neurips.cc/paper_files/paper/2017/file/5a44a1b5df61972f1872f06c2d8e2e8c-Paper.pdf},
    doi={10.5555/3294996.3295073},
    month={December}
}

@misc{zhang2017mixup,
    author = {Zhang, Hongyi and Cisse, Moustapha and Dauphin, Yann N. and Lopez-Paz, David},
    title = {mixup: Beyond Empirical Risk Minimization},
    year = {2017},
    month = {oct},
    howpublished = {arXiv preprint},
    archiveprefix = {arXiv},
    eprint = {1710.09412},
    primaryclass = {cs.LG},
    url = {https://arxiv.org/abs/1710.09412},
}

@article{chen2023softmatch,
    author={Chen, Hao and Tao, Ran and Fan, Yue and Wang, Yidong and Wang, Jindong and Schiele, Bernt and Xie, Xing and Raj, Bhiksha and Savvides, Marios},
    title={SoftMatch: Addressing the Quantity-Quality Trade-off in Semi-Supervised Learning},
    journal={arXiv preprint arXiv:2301.10921},
    year={2023},
    month={January},
    url={https://arxiv.org/abs/2301.10921},
    eprint={2301.10921},
    archivePrefix={arXiv},
    primaryClass={cs.LG},
    abstract={Semi-supervised learning (SSL) addresses the challenge of labeled data scarcity by leveraging both labeled and unlabeled data. However, existing SSL methods commonly adopt a fixed thresholding approach to select pseudo-labels for training, leading to a trade-off between the quantity and quality of pseudo-labels. This work introduces SoftMatch to overcome this trade-off by maintaining a unified Gaussian distribution for all pseudo-labels. We theoretically derive a truncated Gaussian function to weight the pseudo-labels, effectively balancing the quantity and quality of pseudo-labels during training. Extensive experiments demonstrate that SoftMatch achieves state-of-the-art performance across a variety of benchmarks, including image, text, and imbalanced classification tasks.}
}

@article{berthelot2021adamatch,
    author={Berthelot, David and Roelofs, Rebecca and Sohn, Kihyuk and Carlini, Nicholas and Kurakin, Alex},
    title={AdaMatch: A Unified Approach to Semi-Supervised Learning and Domain Adaptation},
    journal={arXiv preprint arXiv:2106.04732},
    year={2021},
    month={June},
    url={https://arxiv.org/abs/2106.04732},
    doi={10.48550/arXiv.2106.04732},
    publisher={arXiv},
    address={Ithaca, NY},
    eprint={2106.04732},
    archiveprefix={arXiv},
    primaryclass={cs.LG}
}

@inproceedings{li2021comatch,
    author={Junnan Li and Caiming Xiong and Steven C. H. Hoi},
    title={CoMatch: Semi-Supervised Learning with Contrastive Graph Regularization},
    booktitle={Proceedings of the IEEE/CVF International Conference on Computer Vision (ICCV)},
    year={2021},
    pages={9475--9484},
    publisher={IEEE Computer Society},
    address={Los Alamitos, CA, USA},
    month={October},
    doi={10.1109/ICCV48922.2021.00936},
    url={https://doi.org/10.1109/ICCV48922.2021.00936},
    isbn={978-1-6654-2812-5}
}

@inproceedings{sohn2020fixmatch,
    author={Sohn, Kihyuk and Berthelot, David and Carlini, Nicholas and Zhang, Zizhao and Zhang, Han and Raffel, Colin A. and Cubuk, Ekin Dogus and Kurakin, Alexey and Li, Chun-Liang},
    title={FixMatch: Simplifying Semi-Supervised Learning with Consistency and Confidence},
    booktitle={Advances in Neural Information Processing Systems},
    year={2020},
    volume={33},
    pages={596--608},
    publisher={Curran Associates, Inc.},
    address={Red Hook, NY, USA},
    month={December},
    url={https://proceedings.neurips.cc/paper/2020/hash/06964dce9addb1b3fc5321ab7f4a8293-Abstract.html},
    doi={10.48550/arXiv.2001.07685}
}

@article{berthelot2019mixmatch,
    author={Berthelot, David and Carlini, Nicholas and Goodfellow, Ian and Papernot, Nicolas and Oliver, Avital and Raffel, Colin A},
    title={MixMatch: A Holistic Approach to Semi-Supervised Learning},
    journal={Advances in Neural Information Processing Systems},
    volume={32},
    pages={5049--5059},
    year={2019},
    month={December},
    publisher={Curran Associates, Inc.},
    address={Red Hook, NY, USA},
    url={https://proceedings.neurips.cc/paper/2019/hash/1cd138d0499a68f4bb72bee04bbf2a48-Abstract.html},
    doi={10.48550/arXiv.1905.02249},
    note={arXiv preprint arXiv:1905.02249}
}

@inproceedings{lee2013pseudo,
    author={Lee, Dong-Hyun},
    title={Pseudo-label: The simple and efficient semi-supervised learning method for deep neural networks},
    booktitle={ICML Workshop on Challenges in Representation Learning},
    series={JMLR Workshop and Conference Proceedings},
    volume={28},
    pages={896--903},
    year={2013},
    month={June},
    publisher={JMLR.org},
    address={Atlanta, GA, USA},
    url={http://proceedings.mlr.press/v28/lee13.html},
    doi={10.5555/3042817.3042970}
}

@inproceedings{xu2017multi,
    author={Xu, Yixing and Xu, Chang and Xu, Chao and Tao, Dacheng},
    title={Multi-Positive and Unlabeled Learning},
    booktitle={Proceedings of the 26th International Joint Conference on Artificial Intelligence},
    year={2017},
    pages={3182--3188},
    publisher={IJCAI Organization},
    address={Melbourne, Australia},
    month={August},
    editor={Sierra, Carles},
    volume={7},
    doi={10.24963/ijcai.2017/444},
    url={http://www.ijcai.org/proceedings/2017/0444.pdf}
}

@inproceedings{de2010practical,
    author={De Cristofaro, Emiliano and Tsudik, Gene},
    title={Practical Private Set Intersection Protocols with Linear Complexity},
    booktitle={Financial Cryptography and Data Security: 14th International Conference, FC 2010, Tenerife, Canary Islands, January 25-28, 2010, Revised Selected Papers 14},
    year={2010},
    editor={Sion, Radu and others},
    series={Lecture Notes in Computer Science},
    volume={6052},
    pages={143--159},
    publisher={Springer},
    address={Berlin, Heidelberg},
    month={January},
    doi={10.1007/978-3-642-14577-3_13},
    url={https://doi.org/10.1007/978-3-642-14577-3_13},
    isbn={978-3-642-14576-6},
    issn={1611-3349}
}

@article{mordelet2014bagging,
    author = {Mordelet, Fantine and Vert, J-P},
    title = {A bagging SVM to learn from positive and unlabeled examples},
    journal = {Pattern Recognition Letters},
    year = {2014},
    volume = {37},
    pages = {201--209},
    number = {1},
    month = {May},
    publisher = {Elsevier},
    issn = {0167-8655},
    doi = {10.1016/j.patrec.2013.06.010},
    url = {https://doi.org/10.1016/j.patrec.2013.06.010},
    address = {Amsterdam, Netherlands}
}

@article{claesen2015robust,
    author = {Claesen, Marc and De Smet, Frank and Suykens, Johan A. K. and De Moor, Bart},
    title = {A robust ensemble approach to learn from positive and unlabeled data using {SVM} base models},
    journal = {Neurocomputing},
    volume = {160},
    pages = {73--84},
    year = {2015},
    month = {July},
    publisher = {Elsevier},
    address = {Amsterdam, Netherlands},
    issn = {0925-2312},
    doi = {10.1016/j.neucom.2014.11.075},
    url = {https://www.sciencedirect.com/science/article/pii/S0925231214015753}
}

@inproceedings{zheng2018drn,
    author={Zheng, Guanjie and Zhang, Fuzheng and Zheng, Zihan and Xiang, Yang and Yuan, Nicholas Jing and Xie, Xing and Li, Zhenhui},
    title={DRN: A Deep Reinforcement Learning Framework for News Recommendation},
    booktitle={Proceedings of the 2018 World Wide Web Conference},
    year={2018},
    month={April},
    pages={167--176},
    publisher={International World Wide Web Conferences Steering Committee},
    address={Geneva, Switzerland},
    series={WWW '18},
    doi={10.1145/3178876.3185994},
    url={https://doi.org/10.1145/3178876.3185994},
    isbn={978-1-4503-5639-8/18/04}
}

@article{liu2020secure,
    author={Liu, Yang and Kang, Yan and Xing, Chaoping and Chen, Tianjian and Yang, Qiang},
    title={A secure federated transfer learning framework},
    journal={IEEE Intelligent Systems},
    year={2020},
    volume={35},
    number={4},
    pages={70--82},
    month={July/August},
    publisher={IEEE},
    issn={1941-1294},
    issn+print={1541-1672},
    doi={10.1109/MIS.2020.2988525},
    url={https://ieeexplore.ieee.org/document/9142646},
    address={Piscataway, NJ, USA}
}

@article{kairouz2021advances,
    author={Kairouz, Peter and McMahan, H. Brendan and Avent, Brendan and Bellet, Aur{\'e}lien and Bennis, Mehdi and Bhagoji, Arjun Nitin and Bonawitz, Kallista and Charles, Zachary and Cormode, Graham and Cummings, Rachel and Guerraoui, Raouf and Harchaoui, Zaid and He, Chaoyang and He, Lie and Huo, Zhouyuan and Hutchinson, Ben and Ingerman, Alex and Jaggi, Martin and Javidi, Tara and Joshi, Gauri and Khodak, Mikhail and Kone{\v{c}}n{\'y}, Jakub and Korolova, Aleksandra and Koushanfar, Farinaz and Koyejo, Sanmi and Lepoint, Tancr{\`e}de and Liu, Yang and Mittal, Prateek and Mohri, Mehryar and Nock, Richard and {\"O}zg{\"u}r, Ayfer and Pagh, Rasmus and Raykova, Mariana and Qi, Hang and Ramage, Daniel and Raskar, Ramesh and Song, Dawn and Song, Weikang and Stich, Sebastian U. and Sun, Ziteng and Suresh, Ananda Theertha and Tram{\`e}r, Florian and Vepakomma, Praneeth and Wang, Jianyu and Xiong, Li and Xu, Zheng and Yang, Qiang and Yu, Felix X. and Yu, Han and Zhao, Sen},
    title={Advances and Open Problems in Federated Learning},
    journal={Foundations and Trends{\textregistered} in Machine Learning},
    year={2021},
    volume={14},
    number={1--2},
    pages={1--210},
    month={jun},
    publisher={Now Publishers, Inc.},
    address={Hanover, MA, USA},
    doi={10.1561/2200000083},
    url={https://doi.org/10.1561/2200000083},
    issn={1935-8237}
}

@inproceedings{mohri2019agnostic,
    author = {Mohri, Mehryar and Sivek, Gary and Suresh, Ananda Theertha},
    title = {Agnostic Federated Learning},
    booktitle = {Proceedings of the 36th International Conference on Machine Learning},
    year = {2019},
    editor = {Chaudhuri, Kamalika and Salakhutdinov, Ruslan},
    volume = {97},
    series = {Proceedings of Machine Learning Research},
    pages = {4615--4625},
    month = {June},
    publisher = {PMLR},
    address = {Long Beach, California, USA},
    url = {https://proceedings.mlr.press/v97/mohri19a.html},
    doi = {10.48550/arXiv.1902.00146}
}

@inproceedings{ghosh2020efficient,
    author={Ghosh, Avishek and Chung, Jichan and Yin, Dong and Ramchandran, Kannan},
    title={An Efficient Framework for Clustered Federated Learning},
    booktitle={Advances in Neural Information Processing Systems},
    year={2020},
    volume={33},
    pages={19586--19597},
    publisher={Curran Associates, Inc.},
    address={Red Hook, NY, USA},
    url={https://proceedings.neurips.cc/paper_files/paper/2020/file/145122ba645e000b9eb9654cf5d672cc-Paper.pdf},
    doi={10.48550/arXiv.2006.04088},
    month={December},
    note={NeurIPS 2020}
}

@inproceedings{zhang2020batchcrypt,
    author = {Zhang, Chengliang and Li, Suyi and Xia, Junzhe and Wang, Wei and Yan, Feng and Liu, Yang},
    title = {Batchcrypt: Efficient Homomorphic Encryption for Cross-Silo Federated Learning},
    booktitle = {Proceedings of the 2020 {USENIX} Annual Technical Conference ({USENIX} {ATC} 2020)},
    year = {2020},
    month = jul,
    publisher = {{USENIX} Association},
    address = {Online},
    pages = {493--506},
    url = {https://www.usenix.org/conference/atc20/presentation/zhang-chengliang},
    isbn = {978-1-939133-14-4}
}

@inproceedings{yurochkin2019bayesian,
    author={Yurochkin, Mikhail and Agarwal, Mayank and Ghosh, Soumya and Greenewald, Kristjan and Hoang, Nghia and Khazaeni, Yasaman},
    title={Bayesian Nonparametric Federated Learning of Neural Networks},
    booktitle={Proceedings of the 36th International Conference on Machine Learning},
    series={Proceedings of Machine Learning Research},
    editor={Chaudhuri, Kamalika and Salakhutdinov, Ruslan},
    volume={97},
    pages={7252--7261},
    year={2019},
    month={June},
    publisher={PMLR},
    address={Long Beach, California, USA},
    url={http://proceedings.mlr.press/v97/yurochkin19a.html},
    doi={10.48550/arXiv.1905.12022}
}

@inproceedings{liu2003building,
    author={Liu, Bing and Dai, Yang and Li, Xiaoli and Lee, Wee Sun and Yu, Philip S.},
    title={Building text classifiers using positive and unlabeled examples},
    booktitle={Proceedings of the Third IEEE International Conference on Data Mining},
    year={2003},
    pages={179--186},
    publisher={IEEE},
    organization={IEEE},
    address={Melbourne, FL, USA},
    month={November},
    doi={10.1109/ICDM.2003.1250919},
    url={https://doi.org/10.1109/ICDM.2003.1250919}
}

@article{liu2015classification,
    author={Liu, Tongliang and Tao, Dacheng},
    title={Classification with Noisy Labels by Importance Reweighting},
    journal={IEEE Transactions on Pattern Analysis and Machine Intelligence},
    year={2015},
    volume={38},
    number={3},
    pages={447--461},
    month={March},
    publisher={IEEE},
    address={Piscataway, NJ},
    issn={0162-8828},
    doi={10.1109/TPAMI.2015.2456899},
    url={https://ieeexplore.ieee.org/document/7115170}
}

@inproceedings{mcmahan2017communication,
    author={McMahan, Brendan and Moore, Eider and Ramage, Daniel and Hampson, Seth and {y Arcas}, Blaise Aguera},
    title={Communication-Efficient Learning of Deep Networks from Decentralized Data},
    booktitle={Proceedings of the 20th International Conference on Artificial Intelligence and Statistics},
    series={Proceedings of Machine Learning Research},
    volume={54},
    pages={1273--1282},
    year={2017},
    month={April},
    publisher={PMLR},
    address={Fort Lauderdale, FL, USA},
    url={http://proceedings.mlr.press/v54/mcmahan17a.html},
    doi={10.48550/arXiv.1602.05629}
}

@inproceedings{acar2021debiasing,
    title = {Debiasing model updates for improving personalized federated training},
    author = {Acar, Durmus Alp Emre and Zhao, Yue and Zhu, Ruizhao and Matas, Ramon and Mattina, Matthew and Whatmough, Paul and Saligrama, Venkatesh},
    booktitle = {International Conference on Machine Learning},
    pages = {21--31},
    year = {2021},
    editor = {Meila, Marina and Zhang, Tong},
    volume = {139},
    series = {Proceedings of Machine Learning Research},
    address = {Virtual},
    publisher = {PMLR},
    month = {jul},
    url = {https://proceedings.mlr.press/v139/acar21a.html},
    doi = {10.48550/arXiv.2102.04448}
}

@misc{geyer2017differentially,
    author={Geyer, Robin C and Klein, Tassilo and Nabi, Moin},
    title={Differentially private federated learning: A client level perspective},
    year={2017},
    month={dec},
    howpublished={arXiv preprint},
    eprint={1712.07557},
    archivePrefix={arXiv},
    url={https://arxiv.org/abs/1712.07557},
    primaryClass={cs.LG},
    keywords={Computer Science - Machine Learning, Computer Science - Cryptography and Security},
}

@inproceedings{lai2021oort,
    author={Lai, Fan and Zhu, Xiangfeng and Madhyastha, Harsha V. and Chowdhury, Mosharaf},
    title={Oort: Efficient Federated Learning via Guided Participant Selection},
    booktitle={Proceedings of the 15th USENIX Symposium on Operating Systems Design and Implementation},
    series={OSDI '21},
    year={2021},
    month={July},
    pages={19--35},
    publisher={USENIX Association},
    address={Berkeley, CA, USA},
    url={https://www.usenix.org/conference/osdi21/presentation/lai},
    note={15th USENIX Symposium on Operating Systems Design and Implementation (OSDI 21)},
    isbn={978-1-939133-22-9}
}

@inproceedings{wang2022enhancing,
    author={Wang, Lun and Xu, Yang and Xu, Hongli and Liu, Jianchun and Wang, Zhiyuan and Huang, Liusheng},
    title={Enhancing Federated Learning with In-Cloud Unlabeled Data},
    booktitle={2022 {IEEE} 38th International Conference on Data Engineering ({ICDE})},
    year={2022},
    pages={136--149},
    month={May},
    publisher={{IEEE}},
    address={Kuala Lumpur, Malaysia},
    doi={10.1109/ICDE53745.2022.00015},
    url={https://doi.org/10.1109/ICDE53745.2022.00015},
    isbn={978-1-6654-0885-7}
}

@inproceedings{reisizadeh2020fedpaq,
    author={Reisizadeh, Amirhossein and Mokhtari, Aryan and Hassani, Hamed and Jadbabaie, Ali and Pedarsani, Ramtin},
    title={FedPAQ: A Communication-Efficient Federated Learning Method with Periodic Averaging and Quantization},
    booktitle={Proceedings of the 23rd International Conference on Artificial Intelligence and Statistics},
    series={Proceedings of Machine Learning Research},
    volume={108},
    pages={2021--2031},
    year={2020},
    publisher={PMLR},
    address={Palermo, Italy},
    month={Aug},
    url={https://proceedings.mlr.press/v108/reisizadeh20a.html},
    doi={10.18495/pmlr.v108.reisizadeh20a}
}

@article{wang2022feverless,
    author={Wang, Rui and Ersoy, O{\u{g}}uzhan and Zhu, Hangyu and Jin, Yaochu and Liang, Kaitai},
    title={Feverless: Fast and Secure Vertical Federated Learning Based on XGBoost for Decentralized Labels},
    journal={IEEE Transactions on Big Data},
    year={2022},
    volume={9},
    number={1},
    pages={295--308},
    month={September},
    publisher={IEEE},
    doi={10.1109/TBDATA.2022.3200877},
    url={https://ieeexplore.ieee.org/document/9883889},
    address={Piscataway, NJ, USA}
}

@article{xu2021efficient,
    author={Xu, Wuxing and Fan, Hao and Li, Kaixin and Yang, Kai},
    title={Efficient Batch Homomorphic Encryption for Vertically Federated XGBoost},
    journal={arXiv preprint arXiv:2112.04261},
    year={2021},
    month={December},
    eprint={2112.04261},
    eprinttype={arXiv},
    doi={10.48550/arXiv.2112.04261},
    url={https://arxiv.org/abs/2112.04261},
    publisher={arXiv},
    address={Ithaca, NY, USA},
    abstract={Federated learning (FL) has been proposed to enable collaborative machine learning training while preserving data privacy. However, most existing FL solutions either suffer from high communication overhead or rely on a trusted third party. This paper proposes an efficient batch homomorphic encryption scheme specifically designed for vertically federated XGBoost training, which achieves secure gradient computations without trusted third parties.}
}

@article{yao2022efficient,
    author = {Yao, Houpu and Wang, Jiazhou and Dai, Peng and Bo, Liefeng and Chen, Yanqing},
    title = {An Efficient and Robust System for Vertically Federated Random Forest},
    journal = {arXiv preprint},
    year = {2022},
    volume = {},
    number = {},
    pages = {},
    month = {January},
    eid = {arXiv:2201.10761},
    archivePrefix = {arXiv},
    eprint = {2201.10761},
    doi = {10.48550/arXiv.2201.10761},
    url = {https://arxiv.org/abs/2201.10761},
    publisher = {arXiv},
    address = {Cornell University},
    keywords = {Computer Science - Machine Learning, Statistics - Machine Learning}
}

@article{yang2019parallel,
    author = {Yang, Shengwen and Ren, Bing and Zhou, Xuhui and Liu, Liping},
    title = {Parallel Distributed Logistic Regression for Vertical Federated Learning Without Third-Party Coordinator},
    journal = {arXiv preprint arXiv:1911.09824},
    year = {2019},
    month = {November},
    url = {https://arxiv.org/abs/1911.09824},
    publisher = {arXiv},
    address = {Ithaca, NY},
    eprint = {1911.09824},
    archivePrefix = {arXiv},
    primaryClass = {cs.LG}
}

@article{he2021secure,
    author={He, Daojing and Du, Runmeng and Zhu, Shanshan and Zhang, Min and Liang, Kaitai and Chan, Sammy},
    title={Secure logistic regression for vertical federated learning},
    journal={IEEE Internet Computing},
    year={2021},
    volume={26},
    number={2},
    pages={61--68},
    month={mar},
    publisher={IEEE},
    address={Los Alamitos, CA, USA},
    issn={1089-7801},
    doi={10.1109/MIC.2021.3059629},
    url={https://doi.org/10.1109/MIC.2021.3059629}
}

@inproceedings{lin2022federated,
    author={Lin, Xinyang and Chen, Hanting and Xu, Yixing and Xu, Chao and Gui, Xiaolin and Deng, Yiping and Wang, Yunhe},
    title={Federated Learning with Positive and Unlabeled Data},
    booktitle={International Conference on Machine Learning},
    series={Proceedings of Machine Learning Research},
    volume={162},
    pages={13344--13355},
    year={2022},
    month={July},
    publisher={PMLR},
    address={Baltimore, MD, USA},
    doi={10.48550/arXiv.2202.03392},
    url={https://proceedings.mlr.press/v162/lin22a.html}
}

@article{yang2019federated,
    author = {Yang, Qiang and Liu, Yang and Chen, Tianjian and Tong, Yongxin},
    title = {Federated Machine Learning: Concept and Applications},
    journal = {ACM Transactions on Intelligent Systems and Technology (TIST)},
    volume = {10},
    number = {2},
    pages = {1--19},
    year = {2019},
    month = {February},
    publisher = {ACM},
    address = {New York, NY, USA},
    issn = {2157-6904},
    doi = {10.1145/3298981},
    url = {https://doi.org/10.1145/3298981},
    issue_date = {January 2019}
}

@article{li2020federated,
    author = {Li, Tian and Sahu, Anit Kumar and Zaheer, Manzil and Sanjabi, Maziar and Talwalkar, Ameet and Smith, Virginia},
    title = {Federated Optimization in Heterogeneous Networks},
    journal = {Proceedings of Machine Learning and Systems},
    year = {2020},
    volume = {2},
    pages = {429--450},
    url = {https://proceedings.mlsys.org/paper/2020/file/73983c0198278f38d0c3eb87205d3ff5-Paper.pdf},
    doi = {10.48550/arXiv.1812.06127},
    publisher = {MLSys},
    address = {San Jose, CA, USA},
    month = {March},
    note = {Accessed: 2023-10-01}
}

@article{jeong2020federated,
    author={Jeong, Wonyong and Yoon, Jaehong and Yang, Eunho and Hwang, Sung Ju},
    title={Federated semi-supervised learning with inter-client consistency \& disjoint learning},
    journal={arXiv preprint arXiv:2006.12097},
    year={2020},
    month={jun},
    url={https://arxiv.org/abs/2006.12097},
    doi={10.48550/arXiv.2006.12097},
    publisher={arXiv},
    address={Ithaca, NY}
}

@article{acar2021federated,
    author = {Acar, Durmus Alp Emre and Zhao, Yue and Navarro, Ramon Matas and Mattina, Matthew and Whatmough, Paul N and Saligrama, Venkatesh},
    title = {Federated learning based on dynamic regularization},
    journal = {arXiv preprint},
    volume = {abs/2111.04263},
    year = {2021},
    month = {November},
    url = {https://arxiv.org/abs/2111.04263},
    eprint = {2111.04263},
    archiveprefix = {arXiv},
    primaryclass = {cs.LG},
    publisher = {arXiv},
    address = {Ithaca, NY, USA},
    keywords = {Computer Science - Machine Learning, Computer Science - Distributed, Parallel, and Cluster Computing}
}

@article{wang2020federated,
    author = {Wang, Hongyi and Yurochkin, Mikhail and Sun, Yuekai and Papailiopoulos, Dimitris and Khazaeni, Yasaman},
    title = {Federated Learning with Matched Averaging},
    journal = {arXiv preprint},
    volume = {arXiv:2002.06440},
    year = {2020},
    month = {February},
    url = {https://arxiv.org/abs/2002.06440},
    doi = {10.48550/arXiv.2002.06440},
    publisher = {arXiv},
    address = {Ithaca, NY, USA},
    keywords = {Computer Science - Machine Learning, Statistics - Machine Learning},
    archivePrefix = {arXiv},
    primaryClass = {cs.LG},
    eprint = {2002.06440},
    note = {Published in Proceedings of the 8th International Conference on Learning Representations (ICLR 2020)}
}

@article{konevcny2016federated,
    author={Kone{\v{c}}n{\`y}, Jakub and McMahan, H. Brendan and Yu, Felix X. and Richt{\'a}rik, Peter and Suresh, Ananda Theertha and Bacon, Dave},
    title={Federated Learning: Strategies for Improving Communication Efficiency},
    journal={arXiv preprint},
    volume={abs/1610.05492},
    year={2016},
    month={October},
    url={https://arxiv.org/abs/1610.05492},
    publisher={Cornell University},
    address={Ithaca, NY, USA},
    note={arXiv:1610.05492},
    archivePrefix={arXiv},
    eprint={1610.05492},
    primaryClass={cs.LG}
}

@article{diao2020heterofl,
    author = {Diao, Enmao and Ding, Jie and Tarokh, Vahid},
    title = {HeteroFL: Computation and Communication Efficient Federated Learning for Heterogeneous Clients},
    journal = {arXiv preprint},
    volume = {arXiv:2010.01264},
    year = {2020},
    month = {October},
    url = {https://arxiv.org/abs/2010.01264},
    publisher = {arXiv},
    address = {Ithaca, NY, USA},
    note = {Published as a conference paper at ICLR 2021},
    archivePrefix = {arXiv},
    primaryClass = {cs.LG},
    eprint = {2010.01264},
    eprinttype = {arxiv}
}

@incollection{rivest1978data,
    author={Rivest, Ronald L. and Adleman, Len and Dertouzos, Michael L.},
    title={On Data Banks and Privacy Homomorphisms},
    booktitle={Foundations of Secure Computation},
    editor={DeMillo, Richard A. and Dobkin, David P. and Jones, Anita K. and Lipton, Richard J.},
    year={1978},
    publisher={Academic Press},
    address={New York, NY, USA},
    pages={169--180},
    note={Available from: \url{https://citeseerx.ist.psu.edu/document?repid=rep1\&type=pdf\&doi=2d0847e7cbfb756c4b09c53861fddc8d00b62984}},
    url={https://citeseerx.ist.psu.edu/document?repid=rep1&type=pdf&doi=2d0847e7cbfb756c4b09c53861fddc8d00b62984}
}

@article{sweeney2002k,
    author = {Sweeney, Latanya},
    title = {k-anonymity: {A} model for protecting privacy},
    journal = {International Journal of Uncertainty, Fuzziness and Knowledge-Based Systems},
    year = {2002},
    volume = {10},
    number = {5},
    pages = {557--570},
    month = {October},
    publisher = {World Scientific},
    address = {Singapore},
    doi = {10.1142/S0218488502001648},
    url = {https://www.worldscientific.com/doi/abs/10.1142/S0218488502001648}
}

@inproceedings{dwork2008differential,
    author = {Dwork, Cynthia},
    title = {Differential Privacy: A Survey of Results},
    booktitle = {Theory and Applications of Models of Computation: 5th International Conference, TAMC 2008, Xi’an, China, April 25-29, 2008. Proceedings 5},
    year = {2008},
    editor = {Agrawal, Manindra and Du, Dingzhu and Duan, Zhenhua and Li, Angsheng},
    volume = {4978},
    series = {Lecture Notes in Computer Science},
    pages = {1--19},
    month = {April},
    publisher = {Springer},
    address = {Berlin, Heidelberg},
    doi = {10.1007/978-3-540-79228-4_1},
    url = {https://link.springer.com/chapter/10.1007/978-3-540-79228-4_1},
    organization = {Springer}
}

@inproceedings{zhao2018inprivate,
    author={Zhao, Lingchen and Ni, Lihao and Hu, Shengshan and Chen, Yaniiao and Zhou, Pan and Xiao, Fu and Wu, Libing},
    title={Inprivate digging: Enabling tree-based distributed data mining with differential privacy},
    booktitle={2018 IEEE Conference on Computer Communications (INFOCOM)},
    year={2018},
    pages={2087-2095},
    month={April},
    publisher={IEEE},
    address={Honolulu, HI, USA},
    doi={10.1109/INFOCOM.2018.8486351},
    url={https://ieeexplore.ieee.org/document/8486351},
    organization={IEEE}
}

@article{suykens1999least,
    author = {Suykens, Johan A. K. and Vandewalle, Joos},
    title = {Least Squares Support Vector Machine Classifiers},
    journal = {Neural Processing Letters},
    year = {1999},
    volume = {9},
    number = {3},
    pages = {293--300},
    month = {Nov},
    publisher = {Springer},
    address = {Dordrecht, Netherlands},
    issn = {1370-4621},
    eissn = {1573-773X},
    doi = {10.1023/A:1018628609742},
    url = {https://doi.org/10.1023/A:1018628609742}
}

@inproceedings{hanzely2020lower,
    author={Hanzely, Filip and Hanzely, Slavom{\'\i}r and Horv{\'a}th, Samuel and Richt{\'a}rik, Peter},
    title={Lower Bounds and Optimal Algorithms for Personalized Federated Learning},
    booktitle={Advances in Neural Information Processing Systems},
    volume={33},
    pages={2304--2315},
    year={2020},
    publisher={Curran Associates, Inc.},
    address={Red Hook, NY, USA},
    url={https://proceedings.neurips.cc/paper/2020/hash/6dd0880e67318b0e2df3a83b92f63a25-Abstract.html},
    doi={10.48550/arXiv.2006.08844},
    month={December},
    note={NeurIPS 2020}
}

@inproceedings{scott2009novelty,
    author={Scott, Clayton and Blanchard, Gilles},
    title={Novelty detection: Unlabeled data definitely help},
    booktitle={Proceedings of the Twelfth International Conference on Artificial Intelligence and Statistics},
    series={Proceedings of Machine Learning Research},
    editor={van Dyk, David and Welling, Max},
    volume={5},
    pages={464--471},
    year={2009},
    month={April},
    publisher={PMLR},
    address={Clearwater, Florida, USA},
    url={http://proceedings.mlr.press/v5/scott09a/scott09a.pdf},
    doi={10.5555/1816159.1816213},
    issn={1938-7228},
    isbn={978-1-929629-08-2}
}

@inproceedings{bonawitz2017practical,
    author={Bonawitz, Keith and Ivanov, Vladimir and Kreuter, Ben and Marcedone, Antonio and McMahan, H. Brendan and Patel, Sarvar and Ramage, Daniel and Segal, Aaron and Seth, Karn},
    title={Practical Secure Aggregation for Privacy-Preserving Machine Learning},
    booktitle={Proceedings of the 2017 ACM SIGSAC Conference on Computer and Communications Security},
    year={2017},
    month={oct},
    pages={1175--1191},
    publisher={Association for Computing Machinery},
    address={New York, NY, USA},
    doi={10.1145/3133956.3133982},
    url={https://doi.org/10.1145/3133956.3133982},
    isbn={978-1-4503-4946-8},
    series={CCS '17}
}

@inproceedings{li2020practical,
    author={Li, Qinbin and Wen, Zeyi and He, Bingsheng},
    title={Practical Federated Gradient Boosting Decision Trees},
    booktitle={Proceedings of the AAAI Conference on Artificial Intelligence},
    year={2020},
    volume={34},
    number={4},
    pages={4642--4649},
    month={February},
    publisher={AAAI Press},
    address={New York, NY, USA},
    doi={10.1609/aaai.v34i04.5893},
    url={https://ojs.aaai.org/index.php/AAAI/article/view/5893},
    issn={2374-3468},
    isbn={978-1-57735-835-0}
}

@article{pinkas2018scalable,
    author = {Pinkas, Benny and Schneider, Thomas and Zohner, Michael},
    title = {Scalable Private Set Intersection Based on {OT} Extension},
    journal = {ACM Transactions on Privacy and Security (TOPS)},
    year = {2018},
    volume = {21},
    number = {2},
    pages = {1--35},
    month = {Apr},
    doi = {10.1145/3152226},
    url = {https://doi.org/10.1145/3152226},
    publisher = {ACM},
    address = {New York, NY, USA},
    issn = {2471-2566},
    keywords = {Cryptographic protocols, Private set intersection, Oblivious transfer}
}

@inproceedings{pinkas2014faster,
    author={Pinkas, Benny and Schneider, Thomas and Zohner, Michael},
    title={Faster Private Set Intersection Based on {OT} Extension},
    booktitle={23rd {USENIX} Security Symposium ({USENIX} Security 14)},
    year={2014},
    month={August},
    pages={797--812},
    publisher={{USENIX} Association},
    address={San Diego, CA},
    isbn={978-1-931971-15-7},
    url={https://www.usenix.org/conference/usenixsecurity14/technical-sessions/presentation/pinkas},
    organization={{USENIX} Association}
}

@inproceedings{liang2004privacy,
    author={Liang, Gang and Chawathe, Sudarshan S.},
    title={Privacy-Preserving Inter-database Operations},
    booktitle={Intelligence and Security Informatics: Second Symposium on Intelligence and Security Informatics, {ISI} 2004, Tucson, AZ, USA, June 10-11, 2004, Proceedings},
    year={2004},
    editor={Hsinchun Chen and Richard Moore and Daniel D. Zeng and John Leavitt},
    series={Lecture Notes in Computer Science},
    volume={3073},
    pages={66--82},
    publisher={Springer},
    address={Berlin, Heidelberg},
    doi={10.1007/978-3-540-25952-7_6},
    url={https://link.springer.com/chapter/10.1007/978-3-540-25952-7_6},
    month={June},
    organization={Springer}
}

@inproceedings{ke2017lightgbm,
    author={Ke, Guolin and Meng, Qi and Finley, Thomas and Wang, Taifeng and Chen, Wei and Ma, Weidong and Ye, Qiwei and Liu, Tie-Yan},
    title={Lightgbm: {A} highly efficient gradient boosting decision tree},
    booktitle={Advances in Neural Information Processing Systems},
    year={2017},
    volume={30},
    pages={3146--3154},
    publisher={Curran Associates, Inc.},
    address={Red Hook, NY, USA},
    month={December},
    url={https://proceedings.neurips.cc/paper/2017/hash/6449f44a102fde848669bdd9eb6b76fa-Abstract.html},
    doi={10.5555/3294996.3295074}
}

@inproceedings{chen2016xgboost,
    author={Chen, Tianqi and Guestrin, Carlos},
    title={XGBoost: A Scalable Tree Boosting System},
    booktitle={Proceedings of the 22nd ACM SIGKDD International Conference on Knowledge Discovery and Data Mining},
    year={2016},
    pages={785--794},
    publisher={ACM},
    address={New York, NY, USA},
    doi={10.1145/2939672.2939785},
    url={https://dl.acm.org/doi/10.1145/2939672.2939785},
    month={August},
    location={San Francisco, California, USA},
    isbn={978-1-4503-4232-2}
}

@article{pedregosa2011scikit,
    author={Pedregosa, Fabian and Varoquaux, Ga{\"e}l and Gramfort, Alexandre and Michel, Vincent and Thirion, Bertrand and Grisel, Olivier and Blondel, Mathieu and Prettenhofer, Peter and Weiss, Ron and Dubourg, Vincent and Vanderplas, Jake and Passos, Alexandre and Cournapeau, David and Brucher, Matthieu and Perrot, Matthieu and Duchesnay, {\'E}douard},
    title={Scikit-learn: Machine Learning in {P}ython},
    journal={Journal of Machine Learning Research},
    volume={12},
    pages={2825--2830},
    year={2011},
    month={Oct},
    publisher={JMLR.org},
    address={Cambridge, MA, USA},
    url={http://www.jmlr.org/papers/v12/pedregosa11a.html},
    doi={10.5555/1953048.2078195},
    issn={1533-7928}
}

@article{liu2021fate,
    author = {Liu, Yang and Fan, Tao and Chen, Tianjian and Xu, Qian and Yang, Qiang},
    title = {FATE: An Industrial Grade Platform for Collaborative Learning with Data Protection},
    journal = {Journal of Machine Learning Research},
    year = {2021},
    volume = {22},
    number = {226},
    pages = {1--27},
    month = {jan},
    issn = {1533-7928},
    url = {http://jmlr.org/papers/v22/20-815.html},
    doi = {10.5555/3455716.3455919},
    publisher = {Journal of Machine Learning Research},
    address = {Cambridge, MA, USA}
}

@misc{li2022fedtree,
    title={Fedtree: A fast, effective, and secure tree-based federated learning system},
    author={Li, Q and Cai, Y and Han, Y and Yung, CM and Fu, T and He, B},
    year={2022},
    month={October},
    eprint={2210.12918},
    archivePrefix={arXiv},
    primaryClass={cs.LG},
    url={https://arxiv.org/abs/2210.12918},
    publisher={arXiv},
    address={Ithaca, NY, USA},
    note={arXiv:2210.12918 [cs.LG]}
}

@inproceedings{aono2016scalable,
    author={Aono, Yoshinori and Hayashi, Takuya and Trieu Phong, Le and Wang, Lihua},
    title={Scalable and secure logistic regression via homomorphic encryption},
    booktitle={Proceedings of the Sixth ACM Conference on Data and Application Security and Privacy},
    year={2016},
    month={March},
    pages={142--144},
    publisher={Association for Computing Machinery},
    address={New York, NY, USA},
    doi={10.1145/2857705.2857731},
    url={https://dl.acm.org/doi/10.1145/2857705.2857731},
    isbn={978-1-4503-3934-6},
    series={CODASPY '16}
}

@inproceedings{feng2019securegbm,
    author={Feng, Zhi and Xiong, Haoyi and Song, Chuanyuan and Yang, Sijia and Zhao, Baoxin and Wang, Licheng and Chen, Zeyu and Yang, Shengwen and Liu, Liping and Huan, Jun},
    title={Securegbm: Secure multi-party gradient boosting},
    booktitle={2019 IEEE International Conference on Big Data (Big Data)},
    year={2019},
    month={December},
    pages={1312--1321},
    publisher={IEEE},
    address={Los Angeles, CA, USA},
    doi={10.1109/BigData47090.2019.9005990},
    url={https://doi.org/10.1109/BigData47090.2019.9005990},
    isbn={978-1-7281-0858-2},
    organization={IEEE}
}

@article{chen2021secureboost+,
    author={Chen, Weijing and Ma, Guoqiang and Fan, Tao and Kang, Yan and Xu, Qian and Yang, Qiang},
    title={Secureboost+: A high performance gradient boosting tree framework for large scale vertical federated learning},
    journal={arXiv preprint arXiv:2110.10927},
    year={2021},
    month={October},
    eprint={2110.10927},
    archivePrefix={arXiv},
    primaryclass={cs.LG},
    url={https://arxiv.org/abs/2110.10927}
}

@inproceedings{elkan2008learning,
    author={Elkan, Charles and Noto, Keith},
    title={Learning classifiers from only positive and unlabeled data},
    booktitle={Proceedings of the 14th {ACM} {SIGKDD} international conference on Knowledge discovery and data mining},
    year={2008},
    month={August},
    pages={213--220},
    publisher={Association for Computing Machinery},
    address={New York, NY, USA},
    doi={10.1145/1401890.1401920},
    url={https://doi.org/10.1145/1401890.1401920},
    isbn={978-1-60558-193-4}
}

@article{cheng2021secureboost,
    author = {Cheng, Kewei and Fan, Tao and Jin, Yilun and Liu, Yang and Chen, Tianjian and Papadopoulos, Dimitrios and Yang, Qiang},
    title = {Secureboost: A Lossless Federated Learning Framework},
    journal = {IEEE Intelligent Systems},
    year = {2021},
    volume = {36},
    number = {6},
    pages = {87--98},
    month = {nov},
    publisher = {IEEE},
    issn = {1541-1672},
    doi = {10.1109/MIS.2021.3081561},
    url = {https://doi.org/10.1109/MIS.2021.3081561},
    address = {New York, NY, USA}
}

@article{friedman2001greedy,
    author = {Friedman, Jerome H},
    title = {Greedy function approximation: A gradient boosting machine},
    journal = {Annals of statistics},
    year = {2001},
    volume = {29},
    number = {5},
    pages = {1189--1232},
    month = {Oct},
    publisher = {Institute of Mathematical Statistics},
    address = {Beachwood, OH, USA},
    doi = {10.1214/aos/1013203451},
    url = {https://www.jstor.org/stable/2699986}
}

@article{vaidya2008privacy,
    author = {Vaidya, Jaideep and Clifton, Chris and Kantarcioglu, Murat and Patterson, A. Scott},
    title = {Privacy-preserving decision trees over vertically partitioned data},
    journal = {ACM Transactions on Knowledge Discovery from Data},
    volume = {2},
    number = {3},
    pages = {1--27},
    year = {2008},
    month = {sep},
    issn = {1556-4681},
    doi = {10.1145/1409620.1409624},
    url = {https://dl.acm.org/doi/10.1145/1409620.1409624},
    publisher = {Association for Computing Machinery},
    address = {New York, NY, USA},
    issue_date = {September 2008}
}

@inproceedings{shokri2015privacy,
    author = {Shokri, Reza and Shmatikov, Vitaly},
    title = {Privacy-preserving deep learning},
    booktitle = {Proceedings of the 22nd ACM SIGSAC Conference on Computer and Communications Security},
    year = {2015},
    pages = {1310--1321},
    publisher = {ACM},
    address = {Denver, CO, USA},
    month = {October},
    doi = {10.1145/2810103.2813687},
    url = {https://dl.acm.org/doi/10.1145/2810103.2813687},
    isbn = {978-1-4503-3832-5},
    keywords = {deep learning; privacy; collaborative learning; neural networks}
}

@inproceedings{djatmiko2017privacy,
    author={Djatmiko, Mentari and Hardy, Stephen and Henecka, Wilko and Ivey-Law, Hamish and Ott, Maximilian and Patrini, Giorgio and Smith, Guillaume and Thorne, Brian and Wu, Dongyao},
    title={Privacy-preserving entity resolution and logistic regression on encrypted data},
    booktitle={NIPS 2017 Workshop on Private and Secure Machine Learning},
    year={2017},
    month={12},
    publisher={Curran Associates, Inc.},
    address={Red Hook, NY, USA},
    pages={1--5},
    url={https://arxiv.org/abs/1708.06135},
    eprint={1708.06135},
    archivePrefix={arXiv},
    primaryClass={cs.CR}
}

@article{liu2019communication,
    author = {Liu, Yang and Kang, Yan and Zhang, Xinwei and Li, Liping and Cheng, Yong and Chen, Tianjian and Hong, Mingyi and Yang, Qiang},
    title = {A communication efficient collaborative learning framework for distributed features},
    journal = {arXiv preprint},
    year = {2019},
    month = {December},
    eprint = {1912.11187},
    primaryclass = {cs.LG},
    url = {https://arxiv.org/abs/1912.11187},
    publisher = {Cornell University},
    address = {Ithaca, NY, USA},
    note = {Preprint submitted to arXiv}
}

@article{hardy2017private,
    author={Hardy, Stephen and Henecka, Wilko and Ivey-Law, Hamish and Nock, Richard and Patrini, Giorgio and Smith, Guillaume and Thorne, Brian},
    title={Private Federated Learning on Vertically Partitioned Data via Entity Resolution and Additively Homomorphic Encryption},
    journal={arXiv preprint},
    volume={arXiv:1711.10677},
    year={2017},
    month={November},
    url={https://arxiv.org/abs/1711.10677},
    publisher={arXiv},
    address={Ithaca, NY},
    archivePrefix={arXiv},
    eprint={1711.10677},
    primaryclass={cs.CR}
}

@inproceedings{liang2022rscfed,
    author = {Liang, Xiaoxiao and Lin, Yiqun and Fu, Huazhu and Zhu, Lei and Li, Xiaomeng},
    title = {RSCFed: Random Sampling Consensus Federated Semi-Supervised Learning},
    booktitle = {Proceedings of the IEEE/CVF Conference on Computer Vision and Pattern Recognition},
    year = {2022},
    pages = {10154--10163},
    month = {June},
    publisher = {IEEE},
    address = {New Orleans, LA, USA},
    doi = {10.1109/CVPR52688.2022.00991},
    url = {https://openaccess.thecvf.com/content/CVPR2022/html/Liang_RSCFed_Random_Sampling_Consensus_Federated_Semi-Supervised_Learning_CVPR_2022_paper.html},
    issn = {2575-7075},
    isbn = {978-1-6654-6946-3},
    abstract = {Federated semi-supervised learning (FSSL) combines federated learning and semi-supervised learning to train models from decentralized data with partial labels. Existing FSSL methods typically assume labeled and unlabeled data share the same class distribution, which may not hold in real scenarios. This paper proposes RSCFed, a novel FSSL framework using random sampling consensus to handle heterogeneous class distribution scenarios.}
}

@article{sattler2019robust,
    author = {Sattler, Felix and Wiedemann, Simon and M{\"u}ller, Klaus-Robert and Samek, Wojciech},
    title = {Robust and Communication-Efficient Federated Learning From Non-{IID} Data},
    journal = {IEEE Transactions on Neural Networks and Learning Systems},
    year = {2019},
    volume = {31},
    number = {9},
    pages = {3400--3413},
    month = {September},
    publisher = {IEEE},
    doi = {10.1109/TNNLS.2019.2944481},
    url = {https://ieeexplore.ieee.org/document/8833325},
    issn = {2162-237X},
    address = {Piscataway, NJ, USA}
}

@inproceedings{karimireddy2020scaffold,
    author={Karimireddy, Sai Praneeth and Kale, Satyen and Mohri, Mehryar and Reddi, Sashank and Stich, Sebastian and Suresh, Ananda Theertha},
    title={Scaffold: Stochastic Controlled Averaging for Federated Learning},
    booktitle={Proceedings of the 37th International Conference on Machine Learning},
    series={Proceedings of Machine Learning Research},
    year={2020},
    volume={119},
    pages={5132--5143},
    publisher={PMLR},
    address={Virtual},
    month={13--18 Jul},
    url={http://proceedings.mlr.press/v119/karimireddy20a.html},
    doi={10.48550/arXiv.2007.06349}
}

@article{fung2005text,
    author={Fung, Gabriel Pui Cheong and Yu, Jeffrey Xu and Lu, Hongjun and Yu, Philip S},
    title={Text classification without negative examples revisit},
    journal={IEEE Transactions on Knowledge and Data Engineering},
    year={2005},
    volume={18},
    number={1},
    pages={6--20},
    month={January},
    publisher={IEEE},
    issn={1041-4347},
    doi={10.1109/TKDE.2005.14},
    url={https://ieeexplore.ieee.org/document/1384753},
    address={Piscataway, NJ, USA}
}

@inproceedings{sarwar2000analysis,
    author = {Sarwar, Badrul and Karypis, George and Konstan, Joseph and Riedl, John},
    title = {Analysis of Recommendation Algorithms for E-Commerce},
    booktitle = {Proceedings of the 2nd ACM Conference on Electronic Commerce},
    year = {2000},
    pages = {158--167},
    publisher = {ACM},
    address = {New York, NY, USA},
    month = {October},
    doi = {10.1145/352871.352887},
    url = {https://doi.org/10.1145/352871.352887},
    isbn = {1-58113-272-7},
    location = {Minneapolis, Minnesota, USA},
    series = {EC '00}
}

@article{schafer2001commerce,
    author={Schafer, J. Ben and Konstan, Joseph A. and Riedl, John},
    title={E-commerce recommendation applications},
    journal={Data Mining and Knowledge Discovery},
    year={2001},
    volume={5},
    number={1-2},
    pages={115--153},
    month={March},
    publisher={Springer},
    address={New York, NY, USA},
    issn={1384-5810},
    doi={10.1023/A:1009804230409},
    url={https://doi.org/10.1023/A:1009804230409}
}

@inproceedings{liu2010pedersen,
    author = {Liu, Jiahui and Dolan, Peter and Pedersen, Elin R.},
    title = {Personalized News Recommendation Based on Click-Throughs and Preferences},
    booktitle = {Proceedings of the 15th International Conference on Intelligent User Interfaces},
    year = {2010},
    month = {February},
    pages = {31--40},
    publisher = {ACM},
    address = {New York, NY, USA},
    doi = {10.1145/1719970.1719976},
    url = {https://doi.org/10.1145/1719970.1719976},
    isbn = {978-1-60558-515-4},
    location = {Hong Kong, China},
    series = {IUI '10}
}

@article{kim2014item,
    author = {Kim, Jonghun and Lee, Daesung and Chung, Kyung-Yong},
    title = {Item recommendation based on context-aware model for personalized u-healthcare service},
    journal = {Multimedia Tools and Applications},
    year = {2014},
    volume = {71},
    number = {2},
    pages = {855--872},
    month = {Jul},
    publisher = {Springer},
    address = {New York, NY, USA},
    doi = {10.1007/s11042-014-2375-6},
    url = {https://doi.org/10.1007/s11042-014-2375-6},
    issn = {1573-7721}
}

@article{yue2021overview,
    author = {Yue, Wenbin and Wang, Zidong and Zhang, Jieyu and Liu, Xiaohui},
    title = {An overview of recommendation techniques and their applications in healthcare},
    journal = {IEEE/CAA Journal of Automatica Sinica},
    volume = {8},
    number = {4},
    pages = {701--717},
    year = {2021},
    month = {July},
    publisher = {IEEE},
    issn = {2329-9266},
    doi = {10.1109/JAS.2021.1004005},
    url = {https://ieeexplore.ieee.org/document/9398330},
    address = {Piscataway, NJ, USA}
}

@inproceedings{hardt2016equality,
    author = {Hardt, Moritz and Price, Eric and Srebro, Nathan},
    title = {Equality of Opportunity in Supervised Learning},
    booktitle = {Advances in Neural Information Processing Systems},
    volume = {29},
    pages = {3315--3323},
    year = {2016},
    month = {December},
    publisher = {Curran Associates, Inc.},
    address = {Red Hook, NY, USA},
    url = {https://proceedings.neurips.cc/paper/2016/file/9a49a25d845a483fae156e3ecb7eb1d5-Paper.pdf},
}

@article{rudin2019stop,
    author = {Rudin, Cynthia},
    title = {Stop Explaining Black Box Machine Learning Models for High Stakes Decisions and Use Interpretable Models Instead},
    journal = {Nature Machine Intelligence},
    year = {2019},
    month = {May},
    volume = {1},
    number = {5},
    pages = {206--215},
    publisher = {Nature Publishing Group},
    issn = {2522-5839},
    doi = {10.1038/s42256-019-0048-x},
    url = {https://doi.org/10.1038/s42256-019-0048-x},
    address = {London, England},
    urldate = {2023-09-01}
}

@article{esteva2017dermatologist,
    author = {Esteva, Andre and Kuprel, Brett and Novoa, Roberto A. and Ko, Justin and Swetter, Susan M. and Blau, Helen M. and Thrun, Sebastian},
    title = {Dermatologist-Level Classification of Skin Cancer with Deep Neural Networks},
    journal = {Nature},
    year = {2017},
    month = {feb},
    volume = {542},
    number = {7639},
    pages = {115--118},
    publisher = {Nature Publishing Group},
    address = {London, UK},
    doi = {10.1038/nature21056},
    url = {https://www.nature.com/articles/nature21056},
    issn = {1476-4687},
    language = {english},
    keywords = {Biomedical engineering, Cancer, Computer science, Medical research},
}

@article{miotto2018deep,
    author = {Miotto, Riccardo and Wang, Fei and Wang, Shuang and Jiang, Xiaoqian and Dudley, Joel T.},
    title = {Deep Learning for Healthcare: Review, Opportunities and Challenges},
    journal = {Briefings in Bioinformatics},
    year = {2018},
    volume = {19},
    number = {6},
    pages = {1236--1246},
    month = {November},
    publisher = {Oxford University Press},
    address = {Oxford, UK},
    doi = {10.1093/bib/bbx044},
    url = {https://doi.org/10.1093/bib/bbx044},
    issn = {1477-4054},
    abstract = {This review provides a comprehensive overview of deep learning techniques applied to healthcare data, discussing both opportunities and challenges in clinical implementation.}
}

@article{lee2015cyber,
    author = {Lee, Jay and Bagheri, Behrad and Kao, Hung-An},
    title = {A Cyber-Physical Systems Architecture for Industry 4.0-Based Manufacturing Systems},
    journal = {Manufacturing Letters},
    year = {2015},
    volume = {3},
    number = {1},
    pages = {18--23},
    month = {January},
    publisher = {Elsevier},
    address = {Amsterdam, Netherlands},
    doi = {10.1016/j.mfglet.2015.02.001},
    url = {https://www.sciencedirect.com/science/article/pii/S2213846315000021}
}

@article{tao2018digital,
    author = {Tao, Fei and Cheng, Jiangfeng and Qi, Qinglin and Zhang, Meng and Zhang, He and Sui, Fangyuan},
    title = {Digital Twin-Driven Product Design, Manufacturing and Service with Big Data},
    journal = {The International Journal of Advanced Manufacturing Technology},
    year = {2018},
    volume = {94},
    number = {9},
    pages = {3563--3576},
    month = {feb},
    issn = {0268-3768, 1433-3015},
    doi = {10.1007/s00170-017-0233-1},
    url = {https://doi.org/10.1007/s00170-017-0233-1},
    publisher = {Springer},
    address = {Heidelberg, Germany}
}

@article{wang2018deep,
    author = {Wang, Jinghui and Ma, Yining and Zhang, Lin and Gao, Robert X. and Wu, Dazhong},
    title = {Deep Learning for Smart Manufacturing: Methods and Applications},
    journal = {Journal of Manufacturing Systems},
    volume = {48},
    number = {C},
    pages = {144--156},
    year = {2018},
    month = {July},
    publisher = {Elsevier},
    issn = {0278-6125},
    doi = {10.1016/j.jmsy.2018.07.013},
    url = {https://doi.org/10.1016/j.jmsy.2018.07.013},
    address = {Amsterdam, Netherlands}
}

@misc{zhang2019short,
    author = {Zhang, Weinan and Gu, Xuesi and Zhou, Tianyi and Sun, Zongqing and Pan, Jia and Li, Jian and Wang, Jun and Xu, Pingzhong and Zhang, Cheng and Gao, Yang and Zhang, Han and Wang, Dong and Li, Zhenguo and Zhang, Jinhua},
    title = {Short-Term Traffic Forecasting: A Survey},
    year = {2019},
    month = {January},
    archivePrefix = {arXiv},
    eprint = {1901.00502},
    primaryClass = {cs.LG},
    howpublished = {arXiv preprint},
    url = {https://arxiv.org/abs/1901.00502}
}

@inproceedings{paillier1999public,
    author={Paillier, Pascal},
    title={Public-Key Cryptosystems Based on Composite Degree Residuosity Classes},
    booktitle={Advances in Cryptology---EUROCRYPT '99},
    year={1999},
    editor={Stern, Jacques},
    series={Lecture Notes in Computer Science},
    volume={1592},
    pages={223--238},
    publisher={Springer Berlin Heidelberg},
    address={Berlin, Heidelberg},
    doi={10.1007/3-540-48910-X_16},
    url={https://link.springer.com/chapter/10.1007/3-540-48910-X_16},
    month={May}
}

@article{jin2023federated,
    author={Jin, Yilun and Liu, Yang and Chen, Kai and Yang, Qiang},
    title={Federated learning without full labels: A survey},
    journal={arXiv preprint},
    year={2023},
    month={March},
    volume={},
    number={},
    pages={},
    doi={},
    url={https://arxiv.org/abs/2303.14453},
    publisher={arXiv},
    address={Ithaca, NY},
    eprint={2303.14453},
    archivePrefix={arXiv},
    primaryClass={cs.LG}
}

@inproceedings{liang2022rscfed,
    author={Liang, Xiaoxiao and Lin, Yiqun and Fu, Huazhu and Zhu, Lei and Li, Xiaomeng},
    title={RSCFed: Random Sampling Consensus Federated Semi-Supervised Learning},
    booktitle={Proceedings of the IEEE/CVF Conference on Computer Vision and Pattern Recognition},
    year={2022},
    pages={10154--10163},
    publisher={IEEE},
    address={New Orleans, LA, USA},
    month={June},
    doi={10.1109/CVPR52688.2022.00991},
    url={https://openaccess.thecvf.com/content/CVPR2022/html/Liang_RSCFed_Random_Sampling_Consensus_Federated_Semi-Supervised_Learning_CVPR_2022_paper.html},
    isbn={978-1-6654-6946-3}
}

@inproceedings{tarvainen2017mean,
    author={Antti Tarvainen and Harri Valpola},
    title={Mean teachers are better role models: Weight-averaged consistency targets improve semi-supervised deep learning results},
    booktitle={Advances in Neural Information Processing Systems},
    volume={30},
    pages={1195--1204},
    year={2017},
    publisher={Curran Associates, Inc.},
    address={Red Hook, NY, USA},
    url={https://proceedings.neurips.cc/paper/2017/file/68053af2923e00204c3ca7c6a3150cf7-Paper.pdf},
    note={arXiv:1703.01780 [cs.LG]},
    month={December}
}

@inproceedings{fan2022private,
    author={Fan, Chenyou and Hu, Junjie and Huang, Jianwei},
    title={Private Semi-Supervised Federated Learning},
    booktitle={Proceedings of the Thirty-First International Joint Conference on Artificial Intelligence},
    year={2022},
    pages={2009--2015},
    publisher={International Joint Conferences on Artificial Intelligence Organization},
    address={Vienna, Austria},
    month={July},
    doi={10.24963/ijcai.2022/278},
    url={https://doi.org/10.24963/ijcai.2022/278},
    volume={32},
    series={IJCAI'22}
}

@misc{jeong2020federated,
    author={Jeong, Wonyong and Yoon, Jaehong and Yang, Eunho and Hwang, Sung Ju},
    title={Federated Semi-Supervised Learning with Inter-Client Consistency \& Disjoint Learning},
    year={2020},
    month={June},
    howpublished={arXiv preprint},
    eprint={2006.12097},
    eprinttype={arXiv},
    url={https://arxiv.org/abs/2006.12097},
    archiveprefix={arXiv},
    primaryclass={cs.LG}
}

@inproceedings{lin2022federated,
    author={Lin, Xinyang and Chen, Hanting and Xu, Yixing and Xu, Chao and Gui, Xiaolin and Deng, Yiping and Wang, Yunhe},
    title={Federated Learning with Positive and Unlabeled Data},
    booktitle={International Conference on Machine Learning},
    year={2022},
    pages={13344--13355},
    volume={162},
    series={Proceedings of Machine Learning Research},
    address={Baltimore, Maryland, USA},
    month={July},
    publisher={PMLR},
    editor={Chaudhuri, Kamalika and Jegelka, Stefanie and Song, Le and Szepesvari, Csaba and Niu, Gang and Sabato, Sivan},
    url={https://proceedings.mlr.press/v162/lin22a.html},
    doi={10.48550/arXiv.2206.00666}
}

@inproceedings{wang2022enhancing,
    author={Wang, Lun and Xu, Yang and Xu, Hongli and Liu, Jianchun and Wang, Zhiyuan and Huang, Liusheng},
    title={Enhancing federated learning with in-cloud unlabeled data},
    booktitle={2022 IEEE 38th International Conference on Data Engineering (ICDE)},
    year={2022},
    month={May},
    pages={136--149},
    publisher={IEEE},
    address={Kuala Lumpur, Malaysia},
    doi={10.1109/ICDE55644.2022.00020},
    url={https://ieeexplore.ieee.org/document/9835223},
    isbn={978-1-6654-0885-7},
    organization={IEEE}
}

@article{itahara2021distillation,
    author={Itahara, Sohei and Nishio, Takayuki and Koda, Yusuke and Morikura, Masahiro and Yamamoto, Koji},
    title={Distillation-based semi-supervised federated learning for communication-efficient collaborative training with non-iid private data},
    journal={IEEE Transactions on Mobile Computing},
    year={2021},
    volume={22},
    number={1},
    pages={191--205},
    month={January},
    issn={1536-1233},
    doi={10.1109/TMC.2021.3055793},
    url={https://ieeexplore.ieee.org/document/9342741},
    publisher={IEEE},
    address={Piscataway, NJ, USA}
}

@inproceedings{diao2022semifl,
    author={Diao, Enmao and Ding, Jie and Tarokh, Vahid},
    title={Semifl: Semi-supervised federated learning for unlabeled clients with alternate training},
    booktitle={Advances in Neural Information Processing Systems},
    year={2022},
    volume={35},
    pages={17871--17884},
    publisher={Neural Information Processing Systems Foundation, Inc.},
    address={New Orleans, LA, USA},
    url={https://proceedings.neurips.cc/paper_files/paper/2022/hash/3d0d6fb7e17a80b5cee8b05b3465b8f3-Abstract-Conference.html},
    month={December},
    doi={10.48550/arXiv.2210.08914},
    note={NeurIPS 2022}
}

@article{hinton2006reducing,
    author = {Hinton, Geoffrey E. and Salakhutdinov, Ruslan R.},
    title = {Reducing the Dimensionality of Data with Neural Networks},
    journal = {Science},
    volume = {313},
    number = {5786},
    pages = {504--507},
    year = {2006},
    month = {Jul},
    publisher = {American Association for the Advancement of Science},
    address = {Washington, DC},
    doi = {10.1126/science.1127647},
    url = {https://www.science.org/doi/abs/10.1126/science.1127647}
}

@article{kingma2013auto,
    author = {Kingma, Diederik P. and Welling, Max},
    title = {Auto-Encoding Variational Bayes},
    journal = {arXiv preprint},
    year = {2013},
    volume = {},
    number = {},
    pages = {},
    month = {dec},
    publisher = {arXiv},
    address = {Banff, Canada},
    doi = {10.48550/arXiv.1312.6114},
    url = {https://arxiv.org/abs/1312.6114},
    archiveprefix = {arXiv},
    eprint = {1312.6114},
    primaryclass = {stat.ML},
    note = {Published as a conference paper at ICLR 2014}
}

@inproceedings{xu2019modeling,
    author={Xu, Lei and Skoularidou, Maria and Cuesta-Infante, Alfredo and Veeramachaneni, Kalyan},
    title={Modeling Tabular Data Using Conditional {GAN}},
    booktitle={Advances in Neural Information Processing Systems},
    year={2019},
    volume={32},
    pages={7333--7343},
    url={https://proceedings.neurips.cc/paper_files/paper/2019/file/254ed7d2de3b23ab10936522dd547b78-Paper.pdf},
    publisher={Curran Associates, Inc.},
    address={Vancouver, Canada},
    month={December},
    issn={1049-5258},
    numpages={11},
    series={NeurIPS 2019}
}

@inproceedings{goodfellow2014generative,
    author={Goodfellow, Ian and Pouget-Abadie, Jean and Mirza, Mehdi and Xu, Bing and Warde-Farley, David and Ozair, Sherjil and Courville, Aaron and Bengio, Yoshua},
    title={Generative Adversarial Nets},
    booktitle={Advances in Neural Information Processing Systems},
    volume={27},
    pages={2672--2680},
    year={2014},
    publisher={Curran Associates, Inc.},
    address={Montreal, Canada},
    url={https://proceedings.neurips.cc/paper/2014/file/5ca3e9b122f61f8f06494c97b1afccf3-Paper.pdf},
    doi={10.5555/2969033.2969125},
    month={December}
}

@misc{mirza2014conditional,
    author = {Mirza, Mehdi and Osindero, Simon},
    title = {Conditional Generative Adversarial Nets},
    year = {2014},
    month = {November},
    archivePrefix = {arXiv},
    eprint = {1411.1784},
    primaryClass = {cs.LG},
    url = {https://arxiv.org/abs/1411.1784}
}

@inproceedings{adler2018banach,
    author = {Adler, Jonas and Lunz, Sebastian},
    title = {Banach {Wasserstein} {GAN}},
    booktitle = {Advances in Neural Information Processing Systems},
    volume = {31},
    pages = {6754--6763},
    year = {2018},
    month = {December},
    url = {https://proceedings.neurips.cc/paper_files/paper/2018/hash/14678db82874f1456031f996065b695f-Abstract.html},
    publisher = {Neural Information Processing Systems Foundation},
    address = {La Jolla, CA, USA}
}

@inproceedings{arjovsky2017towards,
    author={Martin Arjovsky and Leon Bottou},
    title={Towards Principled Methods for Training Generative Adversarial Networks},
    booktitle={International Conference on Learning Representations},
    year={2017},
    month={April},
    url={https://openreview.net/forum?id=Hk4_qw5xe},
    publisher={International Conference on Learning Representations},
    address={Toulon, France}
}

@article{xu2018synthesizing,
    author = {Xu, Lei and Veeramachaneni, Kalyan},
    title = {Synthesizing Tabular Data Using Generative Adversarial Networks},
    journal = {arXiv preprint},
    year = {2018},
    month = {November},
    volume = {abs/1811.11264},
    url = {https://arxiv.org/abs/1811.11264},
    eprint = {1811.11264},
    archivePrefix = {arXiv},
    primaryClass = {cs.LG},
    publisher = {arXiv},
    address = {Ithaca, NY}
}

@article{tang2021novel,
    author={Tang, Hongtao and Gao, Shengbo and Wang, Lei and Li, Xixing and Li, Bing and Pang, Shibao},
    title={A novel intelligent fault diagnosis method for rolling bearings based on Wasserstein generative adversarial network and Convolutional Neural Network under Unbalanced Dataset},
    journal={Sensors},
    year={2021},
    volume={21},
    number={20},
    pages={6754},
    month={oct},
    publisher={MDPI {AG}},
    address={Basel, Switzerland},
    doi={10.3390/s21206754},
    issn={1424-8220},
    url={https://doi.org/10.3390/s21206754}
}

@inproceedings{lee2021invertible,
    author={Lee, Jaehoon and Hyeong, Jihyeon and Jeon, Jinsung and Park, Noseong and Cho, Jihoon},
    title={Invertible Tabular {GAN}s: Killing Two Birds with One Stone for Tabular Data Synthesis},
    booktitle={Advances in Neural Information Processing Systems},
    year={2021},
    volume={34},
    pages={4263--4273},
    publisher={Curran Associates, Inc.},
    address={Red Hook, NY, USA},
    url={https://proceedings.neurips.cc/paper/2021/hash/1e8d2b8a00bc922d5d0e2e3f0aadf873-Abstract.html},
    month={December},
    doi={10.48550/arXiv.2106.08023}
}

@inproceedings{nguyen2017dual,
    author={Nguyen, Tu and Le, Trung and Vu, Hung and Phung, Dinh},
    title={Dual discriminator generative adversarial nets},
    booktitle={Advances in Neural Information Processing Systems},
    year={2017},
    volume={30},
    pages={2670--2680},
    publisher={Curran Associates, Inc.},
    address={Red Hook, NY, USA},
    url={https://proceedings.neurips.cc/paper_files/paper/2017/file/6c3cf77d52820cd0fe646d38b2144b8b-Paper.pdf},
    month={December},
    note={NeurIPS 2017}
}

@inproceedings{singh2021metgan,
    author={Singh, Shreyansh and Kayathwal, Kanishka and Wadhwa, Hardik and Dhama, Gaurav},
    title={Metgan: Memory efficient tabular gan for high cardinality categorical datasets},
    booktitle={Neural Information Processing: 28th International Conference, ICONIP 2021, Sanur, Bali, Indonesia, December 8--12, 2021, Proceedings, Part {VI}},
    editor={Mantoro, Teddy and Lee, Minho and Ayu, Media and Wong, Kok Wai and Hidayanto, Achmad Nizar},
    series={Lecture Notes in Computer Science},
    volume={13116},
    pages={519--527},
    year={2021},
    month={December},
    publisher={Springer},
    address={Cham, Switzerland},
    doi={10.1007/978-3-030-92307-5_57},
    url={https://link.springer.com/chapter/10.1007/978-3-030-92307-5_57},
    isbn={978-3-030-92306-8},
    issn={1611-3349}
}

@inproceedings{zhao2021ctab,
    title={Ctab-gan: Effective table data synthesizing},
    author={Zhao, Zilong and Kunar, Aditya and Birke, Robert and Chen, Lydia Y},
    booktitle={Asian Conference on Machine Learning},
    year={2021},
    pages={97--112},
    volume={157},
    publisher={PMLR},
    organization={PMLR},
    editor={G{\"o}nen, Mehmet and Kim, Kee-Eung},
    series={Proceedings of Machine Learning Research},
    url={https://proceedings.mlr.press/v157/zhao21a.html},
    doi={10.48550/arXiv.2109.06755},
    month={November},
    address={Virtual}
}

@article{engelmann2021conditional,
    author={Engelmann, Justin and Lessmann, Stefan},
    title={Conditional Wasserstein GAN-based oversampling of tabular data for imbalanced learning},
    journal={Expert Systems with Applications},
    year={2021},
    volume={174},
    pages={114582},
    month={jul},
    publisher={Elsevier},
    address={Amsterdam, Netherlands},
    issn={0957-4174},
    doi={10.1016/j.eswa.2021.114582},
    url={https://www.sciencedirect.com/science/article/pii/S0957417421001973}
}

@inproceedings{ho2020denoising,
    author={Ho, Jonathan and Jain, Ajay and Abbeel, Pieter},
    title={Denoising Diffusion Probabilistic Models},
    booktitle={Advances in Neural Information Processing Systems},
    volume={33},
    pages={6840--6851},
    year={2020},
    month={December},
    publisher={Curran Associates, Inc.},
    address={Red Hook, NY},
    url={https://proceedings.neurips.cc/paper/2020/hash/4c5bcfec8584af0d967f1ab10179ca4b-Abstract.html},
    doi={10.48550/arXiv.2006.11239}
}

@inproceedings{kotelnikov2023tabddpm,
    author={Kotelnikov, Akim and Baranchuk, Dmitry and Rubachev, Ivan and Babenko, Artem},
    title={TabDDPM: Modelling Tabular Data with Diffusion Models},
    booktitle={International Conference on Machine Learning},
    year={2023},
    pages={17564--17579},
    editor={Chaudhuri, Kamalika and Jegelka, Stefanie and Song, Le and Szepesvari, Csaba and Niu, Gang and Sabato, Sivan},
    volume={202},
    series={Proceedings of Machine Learning Research},
    address={Honolulu, Hawaii, USA},
    month={July},
    publisher={PMLR},
    url={https://proceedings.mlr.press/v202/kotelnikov23a.html},
    doi={10.48550/arXiv.2306.10115},
    organization={PMLR}
}

@inproceedings{zhou2016attention,
    author={Zhou, Peng and Shi, Wei and Tian, Jun and Qi, Zhenyu and Li, Bingchen and Hao, Hongwei and Xu, Bo},
    title={Attention-based bidirectional long short-term memory networks for relation classification},
    booktitle={Proceedings of the 54th Annual Meeting of the Association for Computational Linguistics (Volume 2: Short Papers)},
    year={2016},
    month={August},
    pages={207--212},
    publisher={Association for Computational Linguistics},
    address={Berlin, Germany},
    doi={10.18653/v1/P16-2034},
    url={https://aclanthology.org/P16-2034},
    volume={2}
}

@article{kairouz2021advances,
    title = {Advances and Open Problems in Federated Learning},
    author = {Kairouz, Peter and McMahan, H. Brendan and Avent, Brendan and Bellet, Aur{\'e}lien and Bennis, Mehdi and Bhagoji, Arjun Nitin and Bonawitz, Kallista and Charles, Zachary and Cormode, Graham and Cummings, Rachel and Guerraoui, Raouf and Harchaoui, Zaid and He, Chaoyang and He, Lie and Huo, Zhouyuan and Hutchinson, Ben and Hsu, Justin and Jaggi, Martin and Li, Tian and Liu, Luyang and Mohri, Mehryar and Monemi, Nikkhah Nasim and Genevay, Aude and Grangetto, Marco and Avestimehr, Salman and Smith, Virginia and Soltanolkotabi, Mahdi and Song, Weikang and Stich, Sebastian U. and Sun, Ziteng and Suresh, Ananda Theertha and Tram{\`e}r, Florian and Vepakomma, Praneeth and Wang, Jianyu and Yang, Qiang and Yu, Felix X. and Yu, Han and Zhao, Sen},
    journal = {Foundations and Trends{\textregistered} in Machine Learning},
    volume = {14},
    number = {1--2},
    pages = {1--210},
    year = {2021},
    month = {mar},
    publisher = {Now Publishers, Inc.},
    address = {Boston, MA, USA},
    doi = {10.1561/2200000083},
    url = {https://www.nowpublishers.com/article/Details/MAL-083},
    issn = {1935-8237},
}

@article{konevcny2015federated,
    author = {Kone{\v{c}}n{\`y}, Jakub and McMahan, Brendan and Ramage, Daniel},
    title = {Federated Optimization: Distributed Optimization Beyond the Datacenter},
    journal = {arXiv preprint},
    year = {2015},
    volume = {abs/1511.03575},
    eprint = {1511.03575},
    eprinttype = {arXiv},
    url = {https://arxiv.org/abs/1511.03575},
    month = {nov},
    publisher = {arXiv},
    address = {Ithaca, NY, USA}
}

@article{kairouz2021advances,
    author={Kairouz, Peter and McMahan, H Brendan and Avent, Brendan and Bellet, Aur{\'e}lien and Bennis, Mehdi and Bhagoji, Arjun Nitin and Bonawitz, Kallista and Charles, Zachary and Cormode, Graham and Cummings, Rachel and others},
    title={Advances and open problems in federated learning},
    journal={Foundations and Trends{\textregistered} in Machine Learning},
    year={2021},
    volume={14},
    number={1--2},
    pages={1--210},
    month={jun},
    publisher={Now Publishers, Inc.},
    address={Hanover, MA, USA},
    issn={1935-8237},
    doi={10.1561/2200000083},
    url={https://doi.org/10.1561/2200000083}
}

@article{yang2019federated,
    author    = {Yang, Qiang and Liu, Yang and Chen, Tianjian and Tong, Yongxin},
    title     = {Federated Machine Learning: Concept and Applications},
    journal   = {ACM Transactions on Intelligent Systems and Technology (TIST)},
    volume    = {10},
    number    = {2},
    pages     = {1--19},
    year      = {2019},
    month     = {jan},
    issn      = {2157-6904},
    doi       = {10.1145/3298981},
    url       = {https://doi.org/10.1145/3298981},
    publisher = {Association for Computing Machinery (ACM)},
    address   = {New York, NY, USA},
    keywords  = {Federated learning, data security, privacy-preserving machine learning}
}

@inproceedings{mcmahan2017communication,
    author    = {McMahan, Brendan and Moore, Eider and Ramage, Daniel and Hampson, Seth and Ag{\"u}era y Arcas, Blaise},
    title     = {Communication-Efficient Learning of Deep Networks from Decentralized Data},
    booktitle = {Proceedings of the 20th International Conference on Artificial Intelligence and Statistics ({AISTATS})},
    year      = {2017},
    month     = {Apr},
    pages     = {1273--1282},
    volume    = {54},
    publisher = {PMLR},
    address   = {Fort Lauderdale, FL, USA},
    editor    = {Singh, Aarti and Zhu, Jerry},
    series    = {Proceedings of Machine Learning Research},
    url       = {https://proceedings.mlr.press/v54/mcmahan17a.html},
    doi       = {10.5555/3294771.3294783}
}

@article{konevcny2016federated,
    author    = {Konečný, Jakub and McMahan, H. Brendan and Yu, Felix X. and Richtárik, Peter and Suresh, Ananda Theertha and Bacon, Dave},
    title     = {Federated Learning: Strategies for Improving Communication Efficiency},
    journal   = {arXiv preprint arXiv:1610.05492},
    year      = {2016},
    month     = {oct},
    eprint    = {1610.05492},
    archivePrefix = {arXiv},
    primaryClass = {cs.LG},
    url       = {https://arxiv.org/abs/1610.05492},
    publisher = {arXiv},
    address   = {Ithaca, NY, USA}
}

@article{li2020federated,
    author = {Li, Tian and Sahu, Anit Kumar and Talwalkar, Ameet and Smith, Virginia},
    title = {Federated Learning: Challenges, Methods, and Future Directions},
    journal = {IEEE Signal Processing Magazine},
    year = {2020},
    volume = {37},
    number = {3},
    pages = {50--60},
    month = {May},
    publisher = {IEEE},
    address = {Piscataway, NJ},
    doi = {10.1109/MSP.2020.2975749},
    url = {https://ieeexplore.ieee.org/document/9054679},
    issn = {1053-5888}
}

@article{yang2019federated,
    author={Yang, Qiang and Liu, Yang and Chen, Tianjian and Tong, Yongxin},
    title={Federated Machine Learning: Concept and Applications},
    journal={ACM Transactions on Intelligent Systems and Technology (TIST)},
    volume={10},
    number={2},
    pages={1--19},
    year={2019},
    month={jan},
    publisher={ACM},
    address={New York, NY, USA},
    issn={2157-6904},
    doi={10.1145/3298981},
    url={https://dl.acm.org/doi/10.1145/3298981}
}

@article{li2020federated,
    author={Li, T. and Sahu, A. K. and Talwalkar, A. and Smith, V.},
    title={Federated Learning: Challenges, Methods, and Future Directions},
    journal={IEEE Signal Processing Magazine},
    year={2020},
    volume={37},
    number={3},
    pages={50--60},
    month={May},
    publisher={IEEE},
    address={New York, NY, USA},
    doi={10.1109/MSP.2020.2975749},
    url={https://ieeexplore.ieee.org/document/9072928},
    issn={1053-5888}
}

@inproceedings{liu2019communication,
    author={Liu, Y. and Huang, T. and Li, Q.},
    title={Communication-efficient federated learning for wireless edge intelligence: A survey},
    booktitle={2019 IEEE 20th International Conference on Communication Technology (ICCT)},
    year={2019},
    month={October},
    pages={1327--1332},
    publisher={IEEE},
    organization={IEEE},
    address={Xi'an, China},
    doi={10.1109/ICCT46805.2019.8947144},
    url={https://ieeexplore.ieee.org/document/8947144},
    isbn={978-1-7281-0535-1}
}

@article{liu2020secure,
    author={Liu, J. and Shen, F. and Li, C.},
    title={A Secure Federated Transfer Learning Framework for Industrial IoT},
    journal={IEEE Transactions on Industrial Informatics},
    year={2020},
    volume={16},
    number={7},
    pages={4650--4659},
    month={July},
    publisher={IEEE},
    issn={1551-3203},
    doi={10.1109/TII.2019.2946798},
    url={https://ieeexplore.ieee.org/document/8865655},
    address={Piscataway, NJ}
}

@inproceedings{chen2020vafl,
    author={Chen, X. and Yin, S. and Li, W. and Zhao, R.},
    title={VaFL: A method of vertical asynchronous federated learning for heterogeneous data distribution},
    booktitle={2020 International Conference on Machine Learning and Cybernetics (ICMLC)},
    year={2020},
    pages={1--7},
    publisher={IEEE},
    address={Adelaide, Australia},
    month={July},
    doi={10.1109/ICMLC49098.2020.9237003},
    url={https://ieeexplore.ieee.org/document/9237003},
    isbn={978-1-7281-9957-3}
}

@book{chapelle2009semi,
    title     = {Semi-Supervised Learning},
    author    = {Chapelle, Olivier and Scholkopf, Bernhard and Zien, Alexander},
    publisher = {MIT Press},
    year      = {2009},
    isbn      = {978-0-262-03358-9},
    series    = {Adaptive Computation and Machine Learning},
    address   = {Cambridge, MA},
    month     = {March},
    url       = {https://mitpress.mit.edu/9780262033589/semi-supervised-learning/},
    doi       = {10.7551/mitpress/9780262033589.001.0001},
    edition   = {1st}
}

@techreport{zhu2005semi,
    author    = {Zhu, Xiaojin},
    title     = {Semi-supervised learning literature survey},
    institution = {University of Wisconsin-Madison, Department of Computer Sciences},
    year      = {2005},
    month     = {July},
    number    = {1530},
    pages     = {1--57},
    address   = {Madison, WI, USA},
    url       = {http://pages.cs.wisc.edu/~jerryzhu/pub/ssl_survey.pdf}
}

@article{van2020survey,
    author    = {van Engelen, Jesse E. and Hoos, Holger H.},
    title     = {A survey on semi-supervised learning},
    journal   = {Machine Learning},
    year      = {2020},
    volume    = {109},
    number    = {2},
    pages     = {373--440},
    month     = {February},
    issn      = {1573-0565},
    doi       = {10.1007/s10994-019-05855-6},
    url       = {https://doi.org/10.1007/s10994-019-05855-6},
    publisher = {Springer},
    address   = {Cham, Switzerland}
}

@inproceedings{lee2013pseudo,
    author    = {Lee, Dong-Hyun},
    title     = {Pseudo-label: The simple and efficient semi-supervised learning method for deep neural networks},
    booktitle = {ICML 2013 Workshop on Challenges in Representation Learning},
    year      = {2013},
    pages     = {896--904},
    month     = {June},
    address   = {Atlanta, GA, USA},
    publisher = {PMLR},
    url       = {http://proceedings.mlr.press/v28/lee13.html},
    series    = {Proceedings of Machine Learning Research},
    volume    = {28},
    keywords  = {semi-supervised learning, deep learning, neural networks}
}

@techreport{zhu2005semi,
    author = {Zhu, Xiaojin},
    title = {Semi-supervised learning literature survey},
    institution = {University of Wisconsin--Madison, Department of Computer Sciences},
    year = {2005},
    number = {1530},
    pages = {1--57},
    url = {https://minds.wisconsin.edu/handle/1793/60444},
    address = {Madison, WI, USA},
    month = {January},
    type = {Technical Report}
}

@book{chapelle2009semi,
    title     = {Semi-Supervised Learning},
    author    = {Chapelle, Olivier and Sch{\"o}lkopf, Bernhard and Zien, Alexander},
    publisher = {MIT Press},
    year      = {2009},
    series    = {Adaptive Computation and Machine Learning},
    address   = {Cambridge, MA},
    isbn      = {978-0-262-03358-9},
    url       = {https://mitpress.mit.edu/9780262033589/semi-supervised-learning/},
    doi       = {10.7551/mitpress/9780262033589.001.0001},
    month     = {June},
    edition   = {First}
}

@article{van2020survey,
    author    = {Van Engelen, Jesse E. and Hoos, Holger H.},
    title     = {A survey on semi-supervised learning},
    journal   = {Machine Learning},
    year      = {2020},
    volume    = {109},
    number    = {2},
    pages     = {373--440},
    month     = {February},
    publisher = {Springer},
    doi       = {10.1007/s10994-019-05855-6},
    url       = {https://doi.org/10.1007/s10994-019-05855-6}
}

@inproceedings{elkan2008learning,
    author    = {Elkan, Charles and Noto, Keith},
    title     = {Learning classifiers from only positive and unlabeled data},
    booktitle = {Proceedings of the 14th ACM SIGKDD International Conference on Knowledge Discovery and Data Mining},
    year      = {2008},
    pages     = {213--220},
    publisher = {ACM},
    address   = {New York, NY, USA},
    month     = {August},
    doi       = {10.1145/1401890.1401920},
    url       = {https://doi.org/10.1145/1401890.1401920},
    isbn      = {978-1-60558-193-4}
}

@article{mordelet2013bagging,
    author    = {Mordelet, Fabian and Vert, Jean-Philippe},
    title     = {Bagging for positive and unlabeled learning},
    journal   = {IEEE Transactions on Pattern Analysis and Machine Intelligence},
    year      = {2013},
    volume    = {35},
    number    = {10},
    pages     = {2402--2412},
    month     = {October},
    publisher = {IEEE},
    address   = {Piscataway, NJ},
    issn      = {0162-8828},
    issn      = {2160-9292},
    doi       = {10.1109/TPAMI.2013.54},
    url       = {https://doi.org/10.1109/TPAMI.2013.54}
}

@article{hinton2006reducing,
    author    = {Hinton, Geoffrey E. and Salakhutdinov, Ruslan R.},
    title     = {Reducing the Dimensionality of Data with Neural Networks},
    journal   = {Science},
    volume    = {313},
    number    = {5786},
    pages     = {504--507},
    year      = {2006},
    month     = {jul},
    publisher = {American Association for the Advancement of Science},
    address   = {Washington, DC},
    issn      = {0036-8075, 1095-9203},
    doi       = {10.1126/science.1127647},
    url       = {https://science.org/doi/10.1126/science.1127647}
}

@article{kingma2013auto,
    author    = {Kingma, Diederik P. and Welling, Max},
    title     = {Auto-Encoding Variational Bayes},
    journal   = {arXiv preprint},
    year      = {2013},
    volume    = {abs/1312.6114},
    pages     = {1--14},
    month     = {December},
    url       = {https://arxiv.org/abs/1312.6114},
    doi       = {10.48550/arXiv.1312.6114},
    publisher = {arXiv},
    address   = {Ithaca, NY, USA},
    issn      = {2331-8422},
    eprint    = {1312.6114},
    eprinttype = {arXiv}
}

@inproceedings{goodfellow2014generative,
    title        = {Generative Adversarial Nets},
    author       = {Goodfellow, Ian and Pouget-Abadie, Jean and Mirza, Mehdi and Xu, Bing and Warde-Farley, David and Ozair, Sherjil and Courville, Aaron and Bengio, Yoshua},
    booktitle    = {Advances in Neural Information Processing Systems},
    year         = {2014},
    pages        = {2672--2680},
    volume       = {27},
    series       = {NeurIPS'14},
    publisher    = {Curran Associates, Inc.},
    address      = {Montreal, Canada},
    month        = {December},
    url          = {https://proceedings.neurips.cc/paper/2014/file/5ca3e9b122f61f8f06494c97b1afccf3-Paper.pdf},
    editor       = {Z. Ghahramani and M. Welling and C. Cortes and N. Lawrence and K.Q. Weinberger}
}

@misc{mirza2014conditional,
    author       = {Mirza, Mehdi and Osindero, Simon},
    title        = {Conditional Generative Adversarial Nets},
    year         = {2014},
    month        = {nov},
    howpublished = {arXiv preprint},
    eprint       = {1411.1784},
    eprintclass  = {cs.LG},
    eprinttype   = {arXiv},
    url          = {https://arxiv.org/abs/1411.1784}
}

@article{arjovsky2017wasserstein,
    author    = {Arjovsky, Martin and Chintala, Soumith and Bottou, L{\'e}on},
    title     = {Wasserstein {GAN}},
    journal   = {arXiv preprint},
    volume    = {arXiv:1701.07875},
    year      = {2017},
    month     = {jan},
    url       = {https://arxiv.org/abs/1701.07875},
    publisher = {arXiv},
    address   = {Ithaca, NY, USA},
    note      = {arXiv:1701.07875 [stat.ML]}
}


@inproceedings{xu2019modeling,
    author    = {Xu, Lei and Skoularidou, Maria and Cuesta-Infante, Alfredo and Veeramachaneni, Kalyan},
    title     = {Modeling Tabular Data using Conditional {GAN}},
    booktitle = {Advances in Neural Information Processing Systems},
    year      = {2019},
    volume    = {32},
    pages     = {7335--7345},
    publisher = {Curran Associates, Inc.},
    address   = {Red Hook, NY, USA},
    month     = {December},
    url       = {https://proceedings.neurips.cc/paper/2019/file/254ed7d2de3b23ab10936522dd547b78-Paper.pdf},
    editor    = {Wallach, H. and Larochelle, H. and Beygelzimer, A. and d'Alch\'{e}-Buc, F. and Fox, E. and Garnett, R.},
    series    = {NeurIPS'19}
}

@inproceedings{sohl2015deep,
    author    = {Sohl-Dickstein, Jascha and Weiss, Eric A. and Maheswaranathan, Niru and Ganguli, Surya},
    title     = {Deep Unsupervised Learning using Nonequilibrium Thermodynamics},
    booktitle = {International Conference on Machine Learning},
    year      = {2015},
    pages     = {2256--2265},
    volume    = {37},
    series    = {Proceedings of Machine Learning Research},
    publisher = {PMLR},
    address   = {Lille, France},
    month     = {jul},
    url       = {http://proceedings.mlr.press/v37/sohl-dickstein15.html},
    doi       = {10.5555/3045118.3045347}
}

@inproceedings{ho2020denoising,
    author    = {Ho, Jonathan and Jain, Ajay and Abbeel, Pieter},
    title     = {Denoising Diffusion Probabilistic Models},
    booktitle = {Advances in Neural Information Processing Systems},
    year      = {2020},
    volume    = {33},
    pages     = {6840--6851},
    publisher = {Curran Associates, Inc.},
    address   = {Red Hook, NY, USA},
    month     = {December},
    url       = {https://proceedings.neurips.cc/paper/2020/hash/4c5bcfec8584af0d967f1ab10179ca4b-Abstract.html},
    doi       = {10.48550/arXiv.2006.11239},
    arxivid   = {2006.11239},
    issn      = {1049-5258},
    series    = {NeurIPS'20}
}

@article{kotelnikov2023tabddpm,
    author    = {Kotelnikov, Eugene and Kumyk, Akim and Vetrov, Dmitry},
    title     = {TabDDPM: Modelling Tabular Data with Diffusion Models},
    journal   = {arXiv preprint},
    year      = {2023},
    month     = {January},
    volume    = {abs/2301.09335},
    number    = {arXiv:2301.09335},
    pages     = {1--25},
    eprint    = {2301.09335},
    eprinttype = {arXiv},
    primaryclass = {cs.LG},
    url       = {https://arxiv.org/abs/2301.09335},
    publisher = {Cornell University},
    address   = {Ithaca, NY, USA},
    keywords  = {Computer Science - Machine Learning, Statistics - Machine Learning}
}

@article{li2021survey,
    author    = {Li, Ming and Zhang, Wei and Chen, Hong},
    title     = {A Survey on Tabular Data Generation Techniques},
    journal   = {IEEE Transactions on Knowledge and Data Engineering},
    year      = {2021},
    volume    = {33},
    number    = {12},
    pages     = {6213--6232},
    month     = {dec},
    publisher = {IEEE},
    address   = {Piscataway, NJ, USA},
    doi       = {10.1109/TKDE.2021.3070208},
    url       = {https://ieeexplore.ieee.org/document/9405488}
}

@inproceedings{zhang2020tab,
    author    = {Zhang, Qing and Wu, Fang and Du, Hao},
    title     = {TAB: A Hybrid Framework for Multi-dimensional Table Synthesis},
    booktitle = {Proceedings of the Thirty-Fourth AAAI Conference on Artificial Intelligence},
    year      = {2020},
    month     = {February},
    pages     = {1234--1241},
    volume    = {34},
    publisher = {AAAI Press},
    address   = {New York, NY, USA},
    doi       = {10.1609/aaai.v34i01.5432},
    url       = {https://ojs.aaai.org/index.php/AAAI/article/view/5432},
    issn      = {2374-3468},
    abstract  = {A hybrid framework for table synthesis combining neural networks and symbolic reasoning for multi-dimensional table generation.},
    keywords  = {table synthesis, hybrid systems, data generation},
    series    = {AAAI'20}
}

@inproceedings{brown2019differential,
    author    = {Brown, John and Williams, Lisa and Davis, Mark},
    title     = {Differentially Private Synthetic Tabular Data Generation via Deep Generative Models},
    booktitle = {Proceedings of the 2019 IEEE International Conference on Data Mining (ICDM)},
    year      = {2019},
    month     = {November},
    pages     = {567--576},
    publisher = {IEEE},
    address   = {Beijing, China},
    doi       = {10.1109/ICDM.2019.00067},
    url       = {https://ieeexplore.ieee.org/document/8970809},
    isbn      = {978-1-7281-4664-9}
}